<?xml version='1.0' encoding='UTF8'?>
<alto xmlns:xsi="http://www.w3.org/2001/XMLSchema-instance" xmlns="http://www.loc.gov/standards/alto/ns-v2#" xmlns:page="http://schema.primaresearch.org/PAGE/gts/pagecontent/2013-07-15" xsi:schemaLocation="http://www.loc.gov/standards/alto/ns-v2# http://www.loc.gov/standards/alto/alto.xsd">
  <Description>
    <MeasurementUnit>mm10</MeasurementUnit>
    <sourceImageInformation>
         <fileName>279.jpg</fileName>
      </sourceImageInformation>
    <OCRProcessing ID="IdOcr">
      <ocrProcessingStep>
        <processingDateTime>2020-10-13T13:54:33.347+02:00</processingDateTime>
        <processingSoftware>
               <softwareCreator>CONTRIBUTORS</softwareCreator>
               <softwareName>pdfalto</softwareName>
               <softwareVersion>0.1</softwareVersion>
            </processingSoftware>
      </ocrProcessingStep>
    </OCRProcessing>
  </Description>
  <Styles>
   <TextStyle ID="FONT0" FONTFAMILY="unknown" FONTSIZE="unknown" FONTSTYLE=""/>
   <TextStyle ID="FONT1" FONTFAMILY="unknown" FONTSIZE="unknown" FONTSTYLE="bold"/>
   <TextStyle ID="FONT2" FONTFAMILY="unknown" FONTSIZE="unknown" FONTSTYLE="italics"/>
  </Styles>
  <Tags/>
  <Layout>
    <Page ID="Page1" PHYSICAL_IMG_NR="1" HEIGHT="3023" WIDTH="1632">
      <PrintSpace HEIGHT="2651" WIDTH="1432" VPOS="257" HPOS="74">
        <TextBlock ID="r_1_1" HEIGHT="146" WIDTH="1368" VPOS="264" HPOS="131">
          <TextLine ID="tl_1" BASELINE="326" HEIGHT="88" WIDTH="1381" VPOS="238" HPOS="124">
            <String HEIGHT="88" WIDTH="187" VPOS="238" HPOS="101" CONTENT="fils" ID="tl_1_1" STYLEREFS="FONT0"/>
            <SP HEIGHT="88" WIDTH="23" VPOS="238" HPOS="288"/>
            <String HEIGHT="88" WIDTH="140" VPOS="238" HPOS="218" CONTENT="du" ID="tl_1_2" STYLEREFS="FONT0"/>
            <SP HEIGHT="88" WIDTH="23" VPOS="238" HPOS="358"/>
            <String HEIGHT="88" WIDTH="328" VPOS="238" HPOS="288" CONTENT="gouverneur" ID="tl_1_3" STYLEREFS="FONT0"/>
            <SP HEIGHT="88" WIDTH="23" VPOS="238" HPOS="616"/>
            <String HEIGHT="88" WIDTH="140" VPOS="238" HPOS="545" CONTENT="du" ID="tl_1_4" STYLEREFS="FONT0"/>
            <SP HEIGHT="88" WIDTH="23" VPOS="238" HPOS="686"/>
            <String HEIGHT="88" WIDTH="164" VPOS="238" HPOS="616" CONTENT="duc" ID="tl_1_5" STYLEREFS="FONT0"/>
            <SP HEIGHT="88" WIDTH="23" VPOS="238" HPOS="779"/>
            <String HEIGHT="88" WIDTH="140" VPOS="238" HPOS="709" CONTENT="de" ID="tl_1_6" STYLEREFS="FONT0"/>
            <SP HEIGHT="88" WIDTH="23" VPOS="238" HPOS="850"/>
            <String HEIGHT="88" WIDTH="328" VPOS="238" HPOS="779" CONTENT="Bourgogne," ID="tl_1_7" STYLEREFS="FONT0"/>
            <SP HEIGHT="88" WIDTH="23" VPOS="238" HPOS="1107"/>
            <String HEIGHT="88" WIDTH="492" VPOS="238" HPOS="1013" CONTENT="lieutenant" ID="tl_1_8" STYLEREFS="FONT0"/>
          </TextLine>
          <TextLine ID="tl_2" BASELINE="368" HEIGHT="63" WIDTH="1379" VPOS="305" HPOS="125">
            <String HEIGHT="63" WIDTH="230" VPOS="305" HPOS="102" CONTENT="membre" ID="tl_2_1" STYLEREFS="FONT0"/>
            <SP HEIGHT="63" WIDTH="23" VPOS="305" HPOS="332"/>
            <String HEIGHT="63" WIDTH="138" VPOS="305" HPOS="263" CONTENT="de" ID="tl_2_2" STYLEREFS="FONT0"/>
            <SP HEIGHT="63" WIDTH="23" VPOS="305" HPOS="401"/>
            <String HEIGHT="63" WIDTH="322" VPOS="305" HPOS="332" CONTENT="l’Académie" ID="tl_2_3" STYLEREFS="FONT0"/>
            <SP HEIGHT="63" WIDTH="23" VPOS="305" HPOS="654"/>
            <String HEIGHT="63" WIDTH="322" VPOS="305" HPOS="585" CONTENT="française." ID="tl_2_4" STYLEREFS="FONT0"/>
            <SP HEIGHT="63" WIDTH="23" VPOS="305" HPOS="906"/>
            <String HEIGHT="63" WIDTH="138" VPOS="305" HPOS="837" CONTENT="Né" ID="tl_2_5" STYLEREFS="FONT0"/>
            <SP HEIGHT="63" WIDTH="23" VPOS="305" HPOS="975"/>
            <String HEIGHT="63" WIDTH="138" VPOS="305" HPOS="906" CONTENT="en" ID="tl_2_6" STYLEREFS="FONT0"/>
            <SP HEIGHT="63" WIDTH="23" VPOS="305" HPOS="1044"/>
            <String HEIGHT="63" WIDTH="207" VPOS="305" HPOS="975" CONTENT="1684." ID="tl_2_7" STYLEREFS="FONT0"/>
            <SP HEIGHT="63" WIDTH="23" VPOS="305" HPOS="1182"/>
            <String HEIGHT="63" WIDTH="184" VPOS="305" HPOS="1113" CONTENT="Mort" ID="tl_2_8" STYLEREFS="FONT0"/>
            <SP HEIGHT="63" WIDTH="23" VPOS="305" HPOS="1297"/>
            <String HEIGHT="63" WIDTH="138" VPOS="305" HPOS="1228" CONTENT="en" ID="tl_2_9" STYLEREFS="FONT0"/>
            <SP HEIGHT="63" WIDTH="23" VPOS="305" HPOS="1366"/>
            <String HEIGHT="63" WIDTH="207" VPOS="305" HPOS="1297" CONTENT="1776." ID="tl_2_10" STYLEREFS="FONT0"/>
            <SP HEIGHT="63" WIDTH="23" VPOS="305" HPOS="1504"/>
            <String HEIGHT="63" WIDTH="92" VPOS="305" HPOS="1412" CONTENT="L." ID="tl_2_11" STYLEREFS="FONT0"/>
          </TextLine>
          <TextLine ID="tl_3" BASELINE="410" HEIGHT="51" WIDTH="1384" VPOS="359" HPOS="123">
            <String HEIGHT="51" WIDTH="194" VPOS="359" HPOS="99" CONTENT="aut." ID="tl_3_1" STYLEREFS="FONT0"/>
            <SP HEIGHT="51" WIDTH="24" VPOS="359" HPOS="293"/>
            <String HEIGHT="51" WIDTH="219" VPOS="359" HPOS="220" CONTENT="sig.," ID="tl_3_2" STYLEREFS="FONT0"/>
            <SP HEIGHT="51" WIDTH="24" VPOS="359" HPOS="439"/>
            <String HEIGHT="51" WIDTH="121" VPOS="359" HPOS="366" CONTENT="à" ID="tl_3_3" STYLEREFS="FONT0"/>
            <SP HEIGHT="51" WIDTH="24" VPOS="359" HPOS="487"/>
            <String HEIGHT="51" WIDTH="194" VPOS="359" HPOS="414" CONTENT="M..." ID="tl_3_4" STYLEREFS="FONT0"/>
            <SP HEIGHT="51" WIDTH="24" VPOS="359" HPOS="609"/>
            <String HEIGHT="51" WIDTH="316" VPOS="359" HPOS="536" CONTENT="Frescati," ID="tl_3_5" STYLEREFS="FONT0"/>
            <SP HEIGHT="51" WIDTH="24" VPOS="359" HPOS="851"/>
            <String HEIGHT="51" WIDTH="146" VPOS="359" HPOS="779" CONTENT="19" ID="tl_3_6" STYLEREFS="FONT0"/>
            <SP HEIGHT="51" WIDTH="24" VPOS="359" HPOS="924"/>
            <String HEIGHT="51" WIDTH="194" VPOS="359" HPOS="851" CONTENT="nov." ID="tl_3_7" STYLEREFS="FONT0"/>
            <SP HEIGHT="51" WIDTH="24" VPOS="359" HPOS="1046"/>
            <String HEIGHT="51" WIDTH="219" VPOS="359" HPOS="973" CONTENT="1735." ID="tl_3_8" STYLEREFS="FONT0"/>
            <SP HEIGHT="51" WIDTH="24" VPOS="359" HPOS="1191"/>
            <String HEIGHT="51" WIDTH="121" VPOS="359" HPOS="1119" CONTENT="2" ID="tl_3_9" STYLEREFS="FONT0"/>
            <SP HEIGHT="51" WIDTH="24" VPOS="359" HPOS="1240"/>
            <String HEIGHT="51" WIDTH="146" VPOS="359" HPOS="1167" CONTENT="p." ID="tl_3_10" STYLEREFS="FONT0"/>
            <SP HEIGHT="51" WIDTH="24" VPOS="359" HPOS="1313"/>
            <String HEIGHT="51" WIDTH="219" VPOS="359" HPOS="1240" CONTENT="in-4." ID="tl_3_11" STYLEREFS="FONT0"/>
            <SP HEIGHT="51" WIDTH="24" VPOS="359" HPOS="1458"/>
            <String HEIGHT="51" WIDTH="121" VPOS="359" HPOS="1386" CONTENT="7" ID="tl_3_12" STYLEREFS="FONT0"/>
            <SP HEIGHT="51" WIDTH="24" VPOS="359" HPOS="1507"/>
            <String HEIGHT="51" WIDTH="97" VPOS="359" HPOS="1410" CONTENT="50" ID="tl_3_13" STYLEREFS="FONT0"/>
          </TextLine>
        </TextBlock>
        <TextBlock ID="r_1_2" HEIGHT="50" WIDTH="1409" VPOS="407" HPOS="83">
          <TextLine ID="tl_4" BASELINE="468" HEIGHT="78" WIDTH="1426" VPOS="390" HPOS="75">
            <String HEIGHT="78" WIDTH="178" VPOS="390" HPOS="55" CONTENT="3107." ID="tl_4_1" STYLEREFS="FONT0"/>
            <SP HEIGHT="78" WIDTH="20" VPOS="390" HPOS="233"/>
            <String HEIGHT="78" WIDTH="475" VPOS="390" HPOS="174" CONTENT="Saint-Aubin," ID="tl_4_2" STYLEREFS="FONT1"/>
            <SP HEIGHT="78" WIDTH="20" VPOS="390" HPOS="649"/>
            <String HEIGHT="78" WIDTH="119" VPOS="390" HPOS="590" CONTENT="le" ID="tl_4_3" STYLEREFS="FONT0"/>
            <SP HEIGHT="78" WIDTH="20" VPOS="390" HPOS="709"/>
            <String HEIGHT="78" WIDTH="317" VPOS="390" HPOS="649" CONTENT="calculateur," ID="tl_4_4" STYLEREFS="FONT0"/>
            <SP HEIGHT="78" WIDTH="20" VPOS="390" HPOS="966"/>
            <String HEIGHT="78" WIDTH="277" VPOS="390" HPOS="907" CONTENT="professeur" ID="tl_4_5" STYLEREFS="FONT0"/>
            <SP HEIGHT="78" WIDTH="20" VPOS="390" HPOS="1184"/>
            <String HEIGHT="78" WIDTH="119" VPOS="390" HPOS="1125" CONTENT="de" ID="tl_4_6" STYLEREFS="FONT0"/>
            <SP HEIGHT="78" WIDTH="20" VPOS="390" HPOS="1244"/>
            <String HEIGHT="78" WIDTH="317" VPOS="390" HPOS="1184" CONTENT="législation." ID="tl_4_7" STYLEREFS="FONT0"/>
            <SP HEIGHT="78" WIDTH="20" VPOS="390" HPOS="1501"/>
            <String HEIGHT="78" WIDTH="79" VPOS="390" HPOS="1422" CONTENT="L." ID="tl_4_8" STYLEREFS="FONT0"/>
          </TextLine>
        </TextBlock>
        <TextBlock ID="r_1_3" HEIGHT="96" WIDTH="1363" VPOS="455" HPOS="130">
          <TextLine ID="tl_5" BASELINE="504" HEIGHT="60" WIDTH="1354" VPOS="444" HPOS="123">
            <String HEIGHT="60" WIDTH="175" VPOS="444" HPOS="101" CONTENT="aut." ID="tl_5_1" STYLEREFS="FONT0"/>
            <SP HEIGHT="60" WIDTH="22" VPOS="444" HPOS="276"/>
            <String HEIGHT="60" WIDTH="197" VPOS="444" HPOS="210" CONTENT="sig.," ID="tl_5_2" STYLEREFS="FONT0"/>
            <SP HEIGHT="60" WIDTH="22" VPOS="444" HPOS="407"/>
            <String HEIGHT="60" WIDTH="131" VPOS="444" HPOS="341" CONTENT="au" ID="tl_5_3" STYLEREFS="FONT0"/>
            <SP HEIGHT="60" WIDTH="22" VPOS="444" HPOS="472"/>
            <String HEIGHT="60" WIDTH="240" VPOS="444" HPOS="407" CONTENT="citoyen" ID="tl_5_4" STYLEREFS="FONT0"/>
            <SP HEIGHT="60" WIDTH="22" VPOS="444" HPOS="647"/>
            <String HEIGHT="60" WIDTH="218" VPOS="444" HPOS="582" CONTENT="Garot," ID="tl_5_5" STYLEREFS="FONT0"/>
            <SP HEIGHT="60" WIDTH="22" VPOS="444" HPOS="800"/>
            <String HEIGHT="60" WIDTH="218" VPOS="444" HPOS="734" CONTENT="membre" ID="tl_5_6" STYLEREFS="FONT0"/>
            <SP HEIGHT="60" WIDTH="22" VPOS="444" HPOS="953"/>
            <String HEIGHT="60" WIDTH="131" VPOS="444" HPOS="887" CONTENT="du" ID="tl_5_7" STYLEREFS="FONT0"/>
            <SP HEIGHT="60" WIDTH="22" VPOS="444" HPOS="1018"/>
            <String HEIGHT="60" WIDTH="197" VPOS="444" HPOS="953" CONTENT="corps" ID="tl_5_8" STYLEREFS="FONT0"/>
            <SP HEIGHT="60" WIDTH="22" VPOS="444" HPOS="1149"/>
            <String HEIGHT="60" WIDTH="328" VPOS="444" HPOS="1084" CONTENT="législatif." ID="tl_5_9" STYLEREFS="FONT0"/>
            <SP HEIGHT="60" WIDTH="22" VPOS="444" HPOS="1411"/>
            <String HEIGHT="60" WIDTH="153" VPOS="444" HPOS="1324" CONTENT="Paris" ID="tl_5_10" STYLEREFS="FONT0"/>
          </TextLine>
          <TextLine ID="tl_6" BASELINE="549" HEIGHT="53" WIDTH="1377" VPOS="496" HPOS="123">
            <String HEIGHT="53" WIDTH="217" VPOS="496" HPOS="87" CONTENT="22" ID="tl_6_1" STYLEREFS="FONT0"/>
            <SP HEIGHT="53" WIDTH="36" VPOS="496" HPOS="304"/>
            <String HEIGHT="53" WIDTH="399" VPOS="496" HPOS="195" CONTENT="février" ID="tl_6_2" STYLEREFS="FONT0"/>
            <SP HEIGHT="53" WIDTH="36" VPOS="496" HPOS="594"/>
            <String HEIGHT="53" WIDTH="217" VPOS="496" HPOS="485" CONTENT="an" ID="tl_6_3" STYLEREFS="FONT0"/>
            <SP HEIGHT="53" WIDTH="36" VPOS="496" HPOS="703"/>
            <String HEIGHT="53" WIDTH="326" VPOS="496" HPOS="594" CONTENT="VIII." ID="tl_6_4" STYLEREFS="FONT0"/>
            <SP HEIGHT="53" WIDTH="36" VPOS="496" HPOS="920"/>
            <String HEIGHT="53" WIDTH="181" VPOS="496" HPOS="812" CONTENT="3" ID="tl_6_5" STYLEREFS="FONT0"/>
            <SP HEIGHT="53" WIDTH="36" VPOS="496" HPOS="993"/>
            <String HEIGHT="53" WIDTH="217" VPOS="496" HPOS="884" CONTENT="p." ID="tl_6_6" STYLEREFS="FONT0"/>
            <SP HEIGHT="53" WIDTH="36" VPOS="496" HPOS="1101"/>
            <String HEIGHT="53" WIDTH="254" VPOS="496" HPOS="993" CONTENT="pl." ID="tl_6_7" STYLEREFS="FONT0"/>
            <SP HEIGHT="53" WIDTH="36" VPOS="496" HPOS="1246"/>
            <String HEIGHT="53" WIDTH="326" VPOS="496" HPOS="1138" CONTENT="in-4." ID="tl_6_8" STYLEREFS="FONT0"/>
            <SP HEIGHT="53" WIDTH="36" VPOS="496" HPOS="1464"/>
            <String HEIGHT="53" WIDTH="181" VPOS="496" HPOS="1355" CONTENT="2" ID="tl_6_9" STYLEREFS="FONT0"/>
            <SP HEIGHT="53" WIDTH="36" VPOS="496" HPOS="1536"/>
            <String HEIGHT="53" WIDTH="109" VPOS="496" HPOS="1391" CONTENT="»" ID="tl_6_10" STYLEREFS="FONT0"/>
          </TextLine>
        </TextBlock>
        <TextBlock ID="r_1_4" HEIGHT="48" WIDTH="1409" VPOS="551" HPOS="84">
          <TextLine ID="tl_7" BASELINE="613" HEIGHT="76" WIDTH="1425" VPOS="537" HPOS="76">
            <String HEIGHT="76" WIDTH="200" VPOS="537" HPOS="54" CONTENT="3108." ID="tl_7_1" STYLEREFS="FONT0"/>
            <SP HEIGHT="76" WIDTH="22" VPOS="537" HPOS="254"/>
            <String HEIGHT="76" WIDTH="512" VPOS="537" HPOS="187" CONTENT="Saint-Esprit" ID="tl_7_2" STYLEREFS="FONT1"/>
            <SP HEIGHT="76" WIDTH="22" VPOS="537" HPOS="699"/>
            <String HEIGHT="76" WIDTH="267" VPOS="537" HPOS="633" CONTENT="(serment" ID="tl_7_3" STYLEREFS="FONT0"/>
            <SP HEIGHT="76" WIDTH="22" VPOS="537" HPOS="900"/>
            <String HEIGHT="76" WIDTH="156" VPOS="537" HPOS="833" CONTENT="des" ID="tl_7_4" STYLEREFS="FONT0"/>
            <SP HEIGHT="76" WIDTH="22" VPOS="537" HPOS="989"/>
            <String HEIGHT="76" WIDTH="312" VPOS="537" HPOS="922" CONTENT="chevaliers" ID="tl_7_5" STYLEREFS="FONT0"/>
            <SP HEIGHT="76" WIDTH="22" VPOS="537" HPOS="1234"/>
            <String HEIGHT="76" WIDTH="334" VPOS="537" HPOS="1167" CONTENT="commandeurs" ID="tl_7_6" STYLEREFS="FONT0"/>
            <SP HEIGHT="76" WIDTH="22" VPOS="537" HPOS="1501"/>
            <String HEIGHT="76" WIDTH="89" VPOS="537" HPOS="1412" CONTENT="de" ID="tl_7_7" STYLEREFS="FONT0"/>
          </TextLine>
        </TextBlock>
        <TextBlock ID="r_1_5" HEIGHT="147" WIDTH="1363" VPOS="598" HPOS="132">
          <TextLine ID="tl_8" BASELINE="645" HEIGHT="53" WIDTH="1378" VPOS="592" HPOS="123">
            <String HEIGHT="53" WIDTH="233" VPOS="592" HPOS="102" CONTENT="l’ordre" ID="tl_8_1" STYLEREFS="FONT0"/>
            <SP HEIGHT="53" WIDTH="21" VPOS="592" HPOS="335"/>
            <String HEIGHT="53" WIDTH="170" VPOS="592" HPOS="271" CONTENT="du)," ID="tl_8_2" STYLEREFS="FONT0"/>
            <SP HEIGHT="53" WIDTH="21" VPOS="592" HPOS="441"/>
            <String HEIGHT="53" WIDTH="191" VPOS="592" HPOS="377" CONTENT="signé" ID="tl_8_3" STYLEREFS="FONT0"/>
            <SP HEIGHT="53" WIDTH="21" VPOS="592" HPOS="568"/>
            <String HEIGHT="53" WIDTH="170" VPOS="592" HPOS="505" CONTENT="pour" ID="tl_8_4" STYLEREFS="FONT0"/>
            <SP HEIGHT="53" WIDTH="21" VPOS="592" HPOS="674"/>
            <String HEIGHT="53" WIDTH="191" VPOS="592" HPOS="611" CONTENT="copie" ID="tl_8_5" STYLEREFS="FONT0"/>
            <SP HEIGHT="53" WIDTH="21" VPOS="592" HPOS="801"/>
            <String HEIGHT="53" WIDTH="276" VPOS="592" HPOS="738" CONTENT="conforme," ID="tl_8_6" STYLEREFS="FONT0"/>
            <SP HEIGHT="53" WIDTH="21" VPOS="592" HPOS="1013"/>
            <String HEIGHT="53" WIDTH="148" VPOS="592" HPOS="950" CONTENT="par" ID="tl_8_7" STYLEREFS="FONT0"/>
            <SP HEIGHT="53" WIDTH="21" VPOS="592" HPOS="1098"/>
            <String HEIGHT="53" WIDTH="127" VPOS="592" HPOS="1035" CONTENT="le" ID="tl_8_8" STYLEREFS="FONT0"/>
            <SP HEIGHT="53" WIDTH="21" VPOS="592" HPOS="1162"/>
            <String HEIGHT="53" WIDTH="276" VPOS="592" HPOS="1098" CONTENT="chevalier" ID="tl_8_9" STYLEREFS="FONT0"/>
            <SP HEIGHT="53" WIDTH="21" VPOS="592" HPOS="1374"/>
            <String HEIGHT="53" WIDTH="212" VPOS="592" HPOS="1289" CONTENT="Tiolier," ID="tl_8_10" STYLEREFS="FONT0"/>
          </TextLine>
          <TextLine ID="tl_9" BASELINE="695" HEIGHT="69" WIDTH="1380" VPOS="626" HPOS="124">
            <String HEIGHT="69" WIDTH="263" VPOS="626" HPOS="102" CONTENT="huissier" ID="tl_9_1" STYLEREFS="FONT0"/>
            <SP HEIGHT="69" WIDTH="22" VPOS="626" HPOS="365"/>
            <String HEIGHT="69" WIDTH="153" VPOS="626" HPOS="299" CONTENT="des" ID="tl_9_2" STYLEREFS="FONT0"/>
            <SP HEIGHT="69" WIDTH="22" VPOS="626" HPOS="453"/>
            <String HEIGHT="69" WIDTH="219" VPOS="626" HPOS="387" CONTENT="ordres" ID="tl_9_3" STYLEREFS="FONT0"/>
            <SP HEIGHT="69" WIDTH="22" VPOS="626" HPOS="606"/>
            <String HEIGHT="69" WIDTH="131" VPOS="626" HPOS="540" CONTENT="du" ID="tl_9_4" STYLEREFS="FONT0"/>
            <SP HEIGHT="69" WIDTH="22" VPOS="626" HPOS="672"/>
            <String HEIGHT="69" WIDTH="175" VPOS="626" HPOS="606" CONTENT="Roi." ID="tl_9_5" STYLEREFS="FONT0"/>
            <SP HEIGHT="69" WIDTH="22" VPOS="626" HPOS="781"/>
            <String HEIGHT="69" WIDTH="110" VPOS="626" HPOS="715" CONTENT="2" ID="tl_9_6" STYLEREFS="FONT0"/>
            <SP HEIGHT="69" WIDTH="22" VPOS="626" HPOS="825"/>
            <String HEIGHT="69" WIDTH="153" VPOS="626" HPOS="759" CONTENT="gr." ID="tl_9_7" STYLEREFS="FONT0"/>
            <SP HEIGHT="69" WIDTH="22" VPOS="626" HPOS="913"/>
            <String HEIGHT="69" WIDTH="131" VPOS="626" HPOS="847" CONTENT="p." ID="tl_9_8" STYLEREFS="FONT0"/>
            <SP HEIGHT="69" WIDTH="22" VPOS="626" HPOS="978"/>
            <String HEIGHT="69" WIDTH="153" VPOS="626" HPOS="913" CONTENT="pl." ID="tl_9_9" STYLEREFS="FONT0"/>
            <SP HEIGHT="69" WIDTH="22" VPOS="626" HPOS="1066"/>
            <String HEIGHT="69" WIDTH="241" VPOS="626" HPOS="1000" CONTENT="in-fol." ID="tl_9_10" STYLEREFS="FONT0"/>
            <SP HEIGHT="69" WIDTH="22" VPOS="626" HPOS="1241"/>
            <String HEIGHT="69" WIDTH="175" VPOS="626" HPOS="1175" CONTENT="Tête" ID="tl_9_11" STYLEREFS="FONT0"/>
            <SP HEIGHT="69" WIDTH="22" VPOS="626" HPOS="1351"/>
            <String HEIGHT="69" WIDTH="197" VPOS="626" HPOS="1285" CONTENT="impr." ID="tl_9_12" STYLEREFS="FONT0"/>
            <SP HEIGHT="69" WIDTH="22" VPOS="626" HPOS="1482"/>
            <String HEIGHT="69" WIDTH="110" VPOS="626" HPOS="1394" CONTENT="vi" SUBS_TYPE="HypPart1" SUBS_CONTENT="vignette" ID="tl_9_13" STYLEREFS="FONT0"/>
            <HYP CONTENT="-"/>
          </TextLine>
          <TextLine ID="tl_10" BASELINE="743" HEIGHT="65" WIDTH="1374" VPOS="678" HPOS="125">
            <String HEIGHT="65" WIDTH="625" VPOS="678" HPOS="63" CONTENT="gnette" SUBS_TYPE="HypPart2" SUBS_CONTENT="vignette" ID="tl_10_1" STYLEREFS="FONT0"/>
            <SP HEIGHT="65" WIDTH="62" VPOS="678" HPOS="687"/>
            <String HEIGHT="65" WIDTH="375" VPOS="678" HPOS="500" CONTENT="de" ID="tl_10_2" STYLEREFS="FONT0"/>
            <SP HEIGHT="65" WIDTH="62" VPOS="678" HPOS="874"/>
            <String HEIGHT="65" WIDTH="749" VPOS="678" HPOS="687" CONTENT="l’ordre." ID="tl_10_3" STYLEREFS="FONT0"/>
            <SP HEIGHT="65" WIDTH="62" VPOS="678" HPOS="1437"/>
            <String HEIGHT="65" WIDTH="312" VPOS="678" HPOS="1249" CONTENT="6" ID="tl_10_4" STYLEREFS="FONT0"/>
            <SP HEIGHT="65" WIDTH="62" VPOS="678" HPOS="1561"/>
            <String HEIGHT="65" WIDTH="187" VPOS="678" HPOS="1312" CONTENT="»" ID="tl_10_5" STYLEREFS="FONT0"/>
          </TextLine>
        </TextBlock>
        <TextBlock ID="r_1_6" HEIGHT="97" WIDTH="1414" VPOS="742" HPOS="84">
          <TextLine ID="tl_11" BASELINE="792" HEIGHT="58" WIDTH="1429" VPOS="734" HPOS="76">
            <String HEIGHT="58" WIDTH="169" VPOS="734" HPOS="57" CONTENT="3109." ID="tl_11_1" STYLEREFS="FONT0"/>
            <SP HEIGHT="58" WIDTH="19" VPOS="734" HPOS="226"/>
            <String HEIGHT="58" WIDTH="451" VPOS="734" HPOS="170" CONTENT="Saint-Huberty" ID="tl_11_2" STYLEREFS="FONT1"/>
            <SP HEIGHT="58" WIDTH="19" VPOS="734" HPOS="621"/>
            <String HEIGHT="58" WIDTH="150" VPOS="734" HPOS="565" CONTENT="(Mme" ID="tl_11_3" STYLEREFS="FONT0"/>
            <SP HEIGHT="58" WIDTH="19" VPOS="734" HPOS="715"/>
            <String HEIGHT="58" WIDTH="395" VPOS="734" HPOS="659" CONTENT="Antoinette-Cécile" ID="tl_11_4" STYLEREFS="FONT0"/>
            <SP HEIGHT="58" WIDTH="19" VPOS="734" HPOS="1054"/>
            <String HEIGHT="58" WIDTH="338" VPOS="734" HPOS="997" CONTENT="Clavel" ID="tl_11_5" STYLEREFS="FONT2"/>
            <SP HEIGHT="58" WIDTH="19" VPOS="734" HPOS="1336"/>
            <String HEIGHT="58" WIDTH="188" VPOS="734" HPOS="1279" CONTENT="dite)," ID="tl_11_6" STYLEREFS="FONT0"/>
            <SP HEIGHT="58" WIDTH="19" VPOS="734" HPOS="1467"/>
            <String HEIGHT="58" WIDTH="113" VPOS="734" HPOS="1392" CONTENT="com" SUBS_TYPE="HypPart1" SUBS_CONTENT="comtesse" ID="tl_11_7" STYLEREFS="FONT0"/>
            <HYP CONTENT="-"/>
          </TextLine>
          <TextLine ID="tl_12" BASELINE="864" HEIGHT="82" WIDTH="1377" VPOS="782" HPOS="126">
            <String HEIGHT="82" WIDTH="177" VPOS="782" HPOS="106" CONTENT="tesse" SUBS_TYPE="HypPart2" SUBS_CONTENT="comtesse" ID="tl_12_1" STYLEREFS="FONT0"/>
            <SP HEIGHT="82" WIDTH="20" VPOS="782" HPOS="283"/>
            <String HEIGHT="82" WIDTH="472" VPOS="782" HPOS="224" CONTENT="d'Entraigues" ID="tl_12_2" STYLEREFS="FONT2"/>
            <SP HEIGHT="82" WIDTH="20" VPOS="782" HPOS="696"/>
            <String HEIGHT="82" WIDTH="216" VPOS="782" HPOS="637" CONTENT="célèbre" ID="tl_12_3" STYLEREFS="FONT0"/>
            <SP HEIGHT="82" WIDTH="20" VPOS="782" HPOS="854"/>
            <String HEIGHT="82" WIDTH="275" VPOS="782" HPOS="795" CONTENT="cantatrice" ID="tl_12_4" STYLEREFS="FONT0"/>
            <SP HEIGHT="82" WIDTH="20" VPOS="782" HPOS="1070"/>
            <String HEIGHT="82" WIDTH="118" VPOS="782" HPOS="1011" CONTENT="de" ID="tl_12_5" STYLEREFS="FONT0"/>
            <SP HEIGHT="82" WIDTH="20" VPOS="782" HPOS="1129"/>
            <String HEIGHT="82" WIDTH="236" VPOS="782" HPOS="1070" CONTENT="l’opéra," ID="tl_12_6" STYLEREFS="FONT0"/>
            <SP HEIGHT="82" WIDTH="20" VPOS="782" HPOS="1306"/>
            <String HEIGHT="82" WIDTH="275" VPOS="782" HPOS="1247" CONTENT="assassinée" ID="tl_12_7" STYLEREFS="FONT0"/>
            <SP HEIGHT="82" WIDTH="20" VPOS="782" HPOS="1523"/>
            <String HEIGHT="82" WIDTH="59" VPOS="782" HPOS="1444" CONTENT="à" ID="tl_12_8" STYLEREFS="FONT0"/>
          </TextLine>
        </TextBlock>
        <TextBlock ID="r_1_7" HEIGHT="50" WIDTH="1363" VPOS="838" HPOS="133">
          <TextLine ID="tl_13" BASELINE="907" HEIGHT="75" WIDTH="1380" VPOS="832" HPOS="125">
            <String HEIGHT="75" WIDTH="241" VPOS="832" HPOS="103" CONTENT="Londres" ID="tl_13_1" STYLEREFS="FONT0"/>
            <SP HEIGHT="75" WIDTH="22" VPOS="832" HPOS="344"/>
            <String HEIGHT="75" WIDTH="175" VPOS="832" HPOS="278" CONTENT="avec" ID="tl_13_2" STYLEREFS="FONT0"/>
            <SP HEIGHT="75" WIDTH="22" VPOS="832" HPOS="454"/>
            <String HEIGHT="75" WIDTH="153" VPOS="832" HPOS="388" CONTENT="son" ID="tl_13_3" STYLEREFS="FONT0"/>
            <SP HEIGHT="75" WIDTH="22" VPOS="832" HPOS="541"/>
            <String HEIGHT="75" WIDTH="197" VPOS="832" HPOS="475" CONTENT="mari," ID="tl_13_4" STYLEREFS="FONT0"/>
            <SP HEIGHT="75" WIDTH="22" VPOS="832" HPOS="673"/>
            <String HEIGHT="75" WIDTH="131" VPOS="832" HPOS="607" CONTENT="en" ID="tl_13_5" STYLEREFS="FONT0"/>
            <SP HEIGHT="75" WIDTH="22" VPOS="832" HPOS="738"/>
            <String HEIGHT="75" WIDTH="197" VPOS="832" HPOS="673" CONTENT="1812." ID="tl_13_6" STYLEREFS="FONT0"/>
            <SP HEIGHT="75" WIDTH="22" VPOS="832" HPOS="870"/>
            <String HEIGHT="75" WIDTH="131" VPOS="832" HPOS="804" CONTENT="L." ID="tl_13_7" STYLEREFS="FONT0"/>
            <SP HEIGHT="75" WIDTH="22" VPOS="832" HPOS="935"/>
            <String HEIGHT="75" WIDTH="175" VPOS="832" HPOS="870" CONTENT="aut." ID="tl_13_8" STYLEREFS="FONT0"/>
            <SP HEIGHT="75" WIDTH="22" VPOS="832" HPOS="1045"/>
            <String HEIGHT="75" WIDTH="197" VPOS="832" HPOS="979" CONTENT="sig.," ID="tl_13_9" STYLEREFS="FONT0"/>
            <SP HEIGHT="75" WIDTH="22" VPOS="832" HPOS="1176"/>
            <String HEIGHT="75" WIDTH="110" VPOS="832" HPOS="1111" CONTENT="à" ID="tl_13_10" STYLEREFS="FONT0"/>
            <SP HEIGHT="75" WIDTH="22" VPOS="832" HPOS="1220"/>
            <String HEIGHT="75" WIDTH="197" VPOS="832" HPOS="1155" CONTENT="M...." ID="tl_13_11" STYLEREFS="FONT0"/>
            <SP HEIGHT="75" WIDTH="22" VPOS="832" HPOS="1352"/>
            <String HEIGHT="75" WIDTH="219" VPOS="832" HPOS="1286" CONTENT="Paris," ID="tl_13_12" STYLEREFS="FONT0"/>
            <SP HEIGHT="75" WIDTH="22" VPOS="832" HPOS="1505"/>
            <String HEIGHT="75" WIDTH="88" VPOS="832" HPOS="1417" CONTENT="27" ID="tl_13_13" STYLEREFS="FONT0"/>
          </TextLine>
        </TextBlock>
        <TextBlock ID="r_1_8" HEIGHT="48" WIDTH="1361" VPOS="886" HPOS="131">
          <TextLine ID="tl_14" BASELINE="931" HEIGHT="50" WIDTH="1376" VPOS="881" HPOS="124">
            <String HEIGHT="50" WIDTH="275" VPOS="881" HPOS="93" CONTENT="avril" ID="tl_14_1" STYLEREFS="FONT0"/>
            <SP HEIGHT="50" WIDTH="31" VPOS="881" HPOS="369"/>
            <String HEIGHT="50" WIDTH="275" VPOS="881" HPOS="277" CONTENT="1787." ID="tl_14_2" STYLEREFS="FONT0"/>
            <SP HEIGHT="50" WIDTH="31" VPOS="881" HPOS="552"/>
            <String HEIGHT="50" WIDTH="153" VPOS="881" HPOS="460" CONTENT="4" ID="tl_14_3" STYLEREFS="FONT0"/>
            <SP HEIGHT="50" WIDTH="31" VPOS="881" HPOS="613"/>
            <String HEIGHT="50" WIDTH="183" VPOS="881" HPOS="522" CONTENT="p." ID="tl_14_4" STYLEREFS="FONT0"/>
            <SP HEIGHT="50" WIDTH="31" VPOS="881" HPOS="705"/>
            <String HEIGHT="50" WIDTH="214" VPOS="881" HPOS="613" CONTENT="pl." ID="tl_14_5" STYLEREFS="FONT0"/>
            <SP HEIGHT="50" WIDTH="31" VPOS="881" HPOS="827"/>
            <String HEIGHT="50" WIDTH="275" VPOS="881" HPOS="736" CONTENT="in-4." ID="tl_14_6" STYLEREFS="FONT0"/>
            <SP HEIGHT="50" WIDTH="31" VPOS="881" HPOS="1011"/>
            <String HEIGHT="50" WIDTH="275" VPOS="881" HPOS="919" CONTENT="Belle" ID="tl_14_7" STYLEREFS="FONT0"/>
            <SP HEIGHT="50" WIDTH="31" VPOS="881" HPOS="1194"/>
            <String HEIGHT="50" WIDTH="336" VPOS="881" HPOS="1102" CONTENT="lettre." ID="tl_14_8" STYLEREFS="FONT0"/>
            <SP HEIGHT="50" WIDTH="31" VPOS="881" HPOS="1439"/>
            <String HEIGHT="50" WIDTH="183" VPOS="881" HPOS="1347" CONTENT="12" ID="tl_14_9" STYLEREFS="FONT0"/>
            <SP HEIGHT="50" WIDTH="31" VPOS="881" HPOS="1531"/>
            <String HEIGHT="50" WIDTH="92" VPOS="881" HPOS="1408" CONTENT="»" ID="tl_14_10" STYLEREFS="FONT0"/>
          </TextLine>
        </TextBlock>
        <TextBlock ID="r_1_9" HEIGHT="96" WIDTH="1361" VPOS="935" HPOS="134">
          <TextLine ID="tl_15" BASELINE="1002" HEIGHT="83" WIDTH="1332" VPOS="919" HPOS="171">
            <String HEIGHT="83" WIDTH="250" VPOS="919" HPOS="150" CONTENT="Relative" ID="tl_15_1" STYLEREFS="FONT0"/>
            <SP HEIGHT="83" WIDTH="21" VPOS="919" HPOS="400"/>
            <String HEIGHT="83" WIDTH="104" VPOS="919" HPOS="338" CONTENT="à" ID="tl_15_2" STYLEREFS="FONT0"/>
            <SP HEIGHT="83" WIDTH="21" VPOS="919" HPOS="442"/>
            <String HEIGHT="83" WIDTH="146" VPOS="919" HPOS="379" CONTENT="ses" ID="tl_15_3" STYLEREFS="FONT0"/>
            <SP HEIGHT="83" WIDTH="21" VPOS="919" HPOS="525"/>
            <String HEIGHT="83" WIDTH="229" VPOS="919" HPOS="462" CONTENT="congés," ID="tl_15_4" STYLEREFS="FONT0"/>
            <SP HEIGHT="83" WIDTH="21" VPOS="919" HPOS="691"/>
            <String HEIGHT="83" WIDTH="104" VPOS="919" HPOS="629" CONTENT="à" ID="tl_15_5" STYLEREFS="FONT0"/>
            <SP HEIGHT="83" WIDTH="21" VPOS="919" HPOS="733"/>
            <String HEIGHT="83" WIDTH="146" VPOS="919" HPOS="671" CONTENT="ses" ID="tl_15_6" STYLEREFS="FONT0"/>
            <SP HEIGHT="83" WIDTH="21" VPOS="919" HPOS="816"/>
            <String HEIGHT="83" WIDTH="312" VPOS="919" HPOS="754" CONTENT="répétitions" ID="tl_15_7" STYLEREFS="FONT0"/>
            <SP HEIGHT="83" WIDTH="21" VPOS="919" HPOS="1066"/>
            <String HEIGHT="83" WIDTH="146" VPOS="919" HPOS="1004" CONTENT="qui" ID="tl_15_8" STYLEREFS="FONT0"/>
            <SP HEIGHT="83" WIDTH="21" VPOS="919" HPOS="1149"/>
            <String HEIGHT="83" WIDTH="125" VPOS="919" HPOS="1087" CONTENT="ne" ID="tl_15_9" STYLEREFS="FONT0"/>
            <SP HEIGHT="83" WIDTH="21" VPOS="919" HPOS="1212"/>
            <String HEIGHT="83" WIDTH="167" VPOS="919" HPOS="1149" CONTENT="vont" ID="tl_15_10" STYLEREFS="FONT0"/>
            <SP HEIGHT="83" WIDTH="21" VPOS="919" HPOS="1316"/>
            <String HEIGHT="83" WIDTH="146" VPOS="919" HPOS="1253" CONTENT="que" ID="tl_15_11" STYLEREFS="FONT0"/>
            <SP HEIGHT="83" WIDTH="21" VPOS="919" HPOS="1399"/>
            <String HEIGHT="83" WIDTH="187" VPOS="919" HPOS="1316" CONTENT="jusqu’à" ID="tl_15_12" STYLEREFS="FONT0"/>
          </TextLine>
          <TextLine ID="tl_16" BASELINE="1026" HEIGHT="52" WIDTH="1302" VPOS="974" HPOS="126">
            <String HEIGHT="52" WIDTH="183" VPOS="974" HPOS="106" CONTENT="trois" ID="tl_16_1" STYLEREFS="FONT0"/>
            <SP HEIGHT="52" WIDTH="20" VPOS="974" HPOS="289"/>
            <String HEIGHT="52" WIDTH="163" VPOS="974" HPOS="228" CONTENT="pour" ID="tl_16_2" STYLEREFS="FONT0"/>
            <SP HEIGHT="52" WIDTH="20" VPOS="974" HPOS="390"/>
            <String HEIGHT="52" WIDTH="142" VPOS="974" HPOS="329" CONTENT="les" ID="tl_16_3" STYLEREFS="FONT0"/>
            <SP HEIGHT="52" WIDTH="20" VPOS="974" HPOS="472"/>
            <String HEIGHT="52" WIDTH="244" VPOS="974" HPOS="411" CONTENT="ouvrages" ID="tl_16_4" STYLEREFS="FONT0"/>
            <SP HEIGHT="52" WIDTH="20" VPOS="974" HPOS="655"/>
            <String HEIGHT="52" WIDTH="224" VPOS="974" HPOS="594" CONTENT="qu’elle" ID="tl_16_5" STYLEREFS="FONT0"/>
            <SP HEIGHT="52" WIDTH="20" VPOS="974" HPOS="818"/>
            <String HEIGHT="52" WIDTH="163" VPOS="974" HPOS="757" CONTENT="joue" ID="tl_16_6" STYLEREFS="FONT0"/>
            <SP HEIGHT="52" WIDTH="20" VPOS="974" HPOS="919"/>
            <String HEIGHT="52" WIDTH="102" VPOS="974" HPOS="858" CONTENT="à" ID="tl_16_7" STYLEREFS="FONT0"/>
            <SP HEIGHT="52" WIDTH="20" VPOS="974" HPOS="960"/>
            <String HEIGHT="52" WIDTH="366" VPOS="974" HPOS="899" CONTENT="Fontainebleau," ID="tl_16_8" STYLEREFS="FONT0"/>
            <SP HEIGHT="52" WIDTH="20" VPOS="974" HPOS="1265"/>
            <String HEIGHT="52" WIDTH="183" VPOS="974" HPOS="1204" CONTENT="etc.," ID="tl_16_9" STYLEREFS="FONT0"/>
            <SP HEIGHT="52" WIDTH="20" VPOS="974" HPOS="1387"/>
            <String HEIGHT="52" WIDTH="122" VPOS="974" HPOS="1306" CONTENT="etc." ID="tl_16_10" STYLEREFS="FONT0"/>
          </TextLine>
        </TextBlock>
        <TextBlock ID="r_1_10" HEIGHT="50" WIDTH="1411" VPOS="1028" HPOS="84">
          <TextLine ID="tl_17" BASELINE="1079" HEIGHT="60" WIDTH="1425" VPOS="1019" HPOS="77">
            <String HEIGHT="60" WIDTH="214" VPOS="1019" HPOS="53" CONTENT="3110." ID="tl_17_1" STYLEREFS="FONT0"/>
            <SP HEIGHT="60" WIDTH="24" VPOS="1019" HPOS="267"/>
            <String HEIGHT="60" WIDTH="1021" VPOS="1019" HPOS="196" CONTENT="Saint-Simon-Hhouvroy-Sandricourt" ID="tl_17_2" STYLEREFS="FONT1"/>
            <SP HEIGHT="60" WIDTH="24" VPOS="1019" HPOS="1217"/>
            <String HEIGHT="60" WIDTH="380" VPOS="1019" HPOS="1122" CONTENT="(Charles" ID="tl_17_3" STYLEREFS="FONT0"/>
          </TextLine>
        </TextBlock>
        <TextBlock ID="r_1_11" HEIGHT="105" WIDTH="1363" VPOS="1071" HPOS="132">
          <TextLine ID="tl_18" BASELINE="1121" HEIGHT="54" WIDTH="1369" VPOS="1067" HPOS="126">
            <String HEIGHT="54" WIDTH="304" VPOS="1067" HPOS="104" CONTENT="çois-Simon" ID="tl_18_1" STYLEREFS="FONT0"/>
            <SP HEIGHT="54" WIDTH="22" VPOS="1067" HPOS="408"/>
            <String HEIGHT="54" WIDTH="174" VPOS="1067" HPOS="343" CONTENT="de)," ID="tl_18_2" STYLEREFS="FONT0"/>
            <SP HEIGHT="54" WIDTH="22" VPOS="1067" HPOS="517"/>
            <String HEIGHT="54" WIDTH="413" VPOS="1067" HPOS="452" CONTENT="vicaire-général" ID="tl_18_3" STYLEREFS="FONT0"/>
            <SP HEIGHT="54" WIDTH="22" VPOS="1067" HPOS="865"/>
            <String HEIGHT="54" WIDTH="130" VPOS="1067" HPOS="800" CONTENT="de" ID="tl_18_4" STYLEREFS="FONT0"/>
            <SP HEIGHT="54" WIDTH="22" VPOS="1067" HPOS="930"/>
            <String HEIGHT="54" WIDTH="196" VPOS="1067" HPOS="865" CONTENT="Metz," ID="tl_18_5" STYLEREFS="FONT0"/>
            <SP HEIGHT="54" WIDTH="22" VPOS="1067" HPOS="1060"/>
            <String HEIGHT="54" WIDTH="217" VPOS="1067" HPOS="995" CONTENT="évêque" ID="tl_18_6" STYLEREFS="FONT0"/>
            <SP HEIGHT="54" WIDTH="22" VPOS="1067" HPOS="1213"/>
            <String HEIGHT="54" WIDTH="217" VPOS="1067" HPOS="1147" CONTENT="d’Agde" ID="tl_18_7" STYLEREFS="FONT0"/>
            <SP HEIGHT="54" WIDTH="22" VPOS="1067" HPOS="1365"/>
            <String HEIGHT="54" WIDTH="130" VPOS="1067" HPOS="1299" CONTENT="en" ID="tl_18_8" STYLEREFS="FONT0"/>
            <SP HEIGHT="54" WIDTH="22" VPOS="1067" HPOS="1430"/>
            <String HEIGHT="54" WIDTH="152" VPOS="1067" HPOS="1343" CONTENT="1759." ID="tl_18_9" STYLEREFS="FONT0"/>
          </TextLine>
          <TextLine ID="tl_19" BASELINE="1188" HEIGHT="68" WIDTH="1378" VPOS="1120" HPOS="124">
            <String HEIGHT="68" WIDTH="136" VPOS="1120" HPOS="101" CONTENT="L." ID="tl_19_1" STYLEREFS="FONT0"/>
            <SP HEIGHT="68" WIDTH="23" VPOS="1120" HPOS="237"/>
            <String HEIGHT="68" WIDTH="181" VPOS="1120" HPOS="169" CONTENT="aut." ID="tl_19_2" STYLEREFS="FONT0"/>
            <SP HEIGHT="68" WIDTH="23" VPOS="1120" HPOS="350"/>
            <String HEIGHT="68" WIDTH="203" VPOS="1120" HPOS="282" CONTENT="sig.," ID="tl_19_3" STYLEREFS="FONT0"/>
            <SP HEIGHT="68" WIDTH="23" VPOS="1120" HPOS="485"/>
            <String HEIGHT="68" WIDTH="113" VPOS="1120" HPOS="418" CONTENT="à" ID="tl_19_4" STYLEREFS="FONT0"/>
            <SP HEIGHT="68" WIDTH="23" VPOS="1120" HPOS="531"/>
            <String HEIGHT="68" WIDTH="226" VPOS="1120" HPOS="463" CONTENT="M....." ID="tl_19_5" STYLEREFS="FONT0"/>
            <SP HEIGHT="68" WIDTH="23" VPOS="1120" HPOS="689"/>
            <String HEIGHT="68" WIDTH="203" VPOS="1120" HPOS="621" CONTENT="Agde," ID="tl_19_6" STYLEREFS="FONT0"/>
            <SP HEIGHT="68" WIDTH="23" VPOS="1120" HPOS="824"/>
            <String HEIGHT="68" WIDTH="136" VPOS="1120" HPOS="757" CONTENT="24" ID="tl_19_7" STYLEREFS="FONT0"/>
            <SP HEIGHT="68" WIDTH="23" VPOS="1120" HPOS="892"/>
            <String HEIGHT="68" WIDTH="158" VPOS="1120" HPOS="824" CONTENT="mai" ID="tl_19_8" STYLEREFS="FONT0"/>
            <SP HEIGHT="68" WIDTH="23" VPOS="1120" HPOS="982"/>
            <String HEIGHT="68" WIDTH="203" VPOS="1120" HPOS="915" CONTENT="1770." ID="tl_19_9" STYLEREFS="FONT0"/>
            <SP HEIGHT="68" WIDTH="23" VPOS="1120" HPOS="1118"/>
            <String HEIGHT="68" WIDTH="113" VPOS="1120" HPOS="1050" CONTENT="4" ID="tl_19_10" STYLEREFS="FONT0"/>
            <SP HEIGHT="68" WIDTH="23" VPOS="1120" HPOS="1163"/>
            <String HEIGHT="68" WIDTH="136" VPOS="1120" HPOS="1095" CONTENT="p." ID="tl_19_11" STYLEREFS="FONT0"/>
            <SP HEIGHT="68" WIDTH="23" VPOS="1120" HPOS="1231"/>
            <String HEIGHT="68" WIDTH="158" VPOS="1120" HPOS="1163" CONTENT="pl." ID="tl_19_12" STYLEREFS="FONT0"/>
            <SP HEIGHT="68" WIDTH="23" VPOS="1120" HPOS="1321"/>
            <String HEIGHT="68" WIDTH="203" VPOS="1120" HPOS="1254" CONTENT="in-4." ID="tl_19_13" STYLEREFS="FONT0"/>
            <SP HEIGHT="68" WIDTH="23" VPOS="1120" HPOS="1457"/>
            <String HEIGHT="68" WIDTH="136" VPOS="1120" HPOS="1389" CONTENT="12" ID="tl_19_14" STYLEREFS="FONT0"/>
            <SP HEIGHT="68" WIDTH="23" VPOS="1120" HPOS="1525"/>
            <String HEIGHT="68" WIDTH="68" VPOS="1120" HPOS="1434" CONTENT="»" ID="tl_19_15" STYLEREFS="FONT0"/>
          </TextLine>
        </TextBlock>
        <TextBlock ID="r_1_12" HEIGHT="194" WIDTH="1366" VPOS="1174" HPOS="131">
          <TextLine ID="tl_20" BASELINE="1219" HEIGHT="60" WIDTH="1330" VPOS="1159" HPOS="173">
            <String HEIGHT="60" WIDTH="181" VPOS="1159" HPOS="153" CONTENT="Belle" ID="tl_20_1" STYLEREFS="FONT0"/>
            <SP HEIGHT="60" WIDTH="20" VPOS="1159" HPOS="334"/>
            <String HEIGHT="60" WIDTH="121" VPOS="1159" HPOS="274" CONTENT="et" ID="tl_20_2" STYLEREFS="FONT0"/>
            <SP HEIGHT="60" WIDTH="20" VPOS="1159" HPOS="395"/>
            <String HEIGHT="60" WIDTH="322" VPOS="1159" HPOS="334" CONTENT="intéressante" ID="tl_20_3" STYLEREFS="FONT0"/>
            <SP HEIGHT="60" WIDTH="20" VPOS="1159" HPOS="657"/>
            <String HEIGHT="60" WIDTH="202" VPOS="1159" HPOS="596" CONTENT="lettre" ID="tl_20_4" STYLEREFS="FONT0"/>
            <SP HEIGHT="60" WIDTH="20" VPOS="1159" HPOS="798"/>
            <String HEIGHT="60" WIDTH="121" VPOS="1159" HPOS="737" CONTENT="au" ID="tl_20_5" STYLEREFS="FONT0"/>
            <SP HEIGHT="60" WIDTH="20" VPOS="1159" HPOS="858"/>
            <String HEIGHT="60" WIDTH="181" VPOS="1159" HPOS="798" CONTENT="sujet" ID="tl_20_6" STYLEREFS="FONT0"/>
            <SP HEIGHT="60" WIDTH="20" VPOS="1159" HPOS="979"/>
            <String HEIGHT="60" WIDTH="121" VPOS="1159" HPOS="919" CONTENT="du" ID="tl_20_7" STYLEREFS="FONT0"/>
            <SP HEIGHT="60" WIDTH="20" VPOS="1159" HPOS="1040"/>
            <String HEIGHT="60" WIDTH="202" VPOS="1159" HPOS="979" CONTENT="volcan" ID="tl_20_8" STYLEREFS="FONT0"/>
            <SP HEIGHT="60" WIDTH="20" VPOS="1159" HPOS="1181"/>
            <String HEIGHT="60" WIDTH="222" VPOS="1159" HPOS="1120" CONTENT="d’Agde," ID="tl_20_9" STYLEREFS="FONT0"/>
            <SP HEIGHT="60" WIDTH="20" VPOS="1159" HPOS="1342"/>
            <String HEIGHT="60" WIDTH="101" VPOS="1159" HPOS="1281" CONTENT="à" ID="tl_20_10" STYLEREFS="FONT0"/>
            <SP HEIGHT="60" WIDTH="20" VPOS="1159" HPOS="1382"/>
            <String HEIGHT="60" WIDTH="121" VPOS="1159" HPOS="1322" CONTENT="la" ID="tl_20_11" STYLEREFS="FONT0"/>
            <SP HEIGHT="60" WIDTH="20" VPOS="1159" HPOS="1443"/>
            <String HEIGHT="60" WIDTH="141" VPOS="1159" HPOS="1362" CONTENT="place" ID="tl_20_12" STYLEREFS="FONT0"/>
          </TextLine>
          <TextLine ID="tl_21" BASELINE="1263" HEIGHT="56" WIDTH="1379" VPOS="1207" HPOS="125">
            <String HEIGHT="56" WIDTH="212" VPOS="1207" HPOS="104" CONTENT="duquel" ID="tl_21_1" STYLEREFS="FONT0"/>
            <SP HEIGHT="56" WIDTH="21" VPOS="1207" HPOS="316"/>
            <String HEIGHT="56" WIDTH="127" VPOS="1207" HPOS="252" CONTENT="il" ID="tl_21_2" STYLEREFS="FONT0"/>
            <SP HEIGHT="56" WIDTH="21" VPOS="1207" HPOS="380"/>
            <String HEIGHT="56" WIDTH="170" VPOS="1207" HPOS="316" CONTENT="fait" ID="tl_21_3" STYLEREFS="FONT0"/>
            <SP HEIGHT="56" WIDTH="21" VPOS="1207" HPOS="486"/>
            <String HEIGHT="56" WIDTH="191" VPOS="1207" HPOS="422" CONTENT="faire" ID="tl_21_4" STYLEREFS="FONT0"/>
            <SP HEIGHT="56" WIDTH="21" VPOS="1207" HPOS="613"/>
            <String HEIGHT="56" WIDTH="149" VPOS="1207" HPOS="549" CONTENT="des" ID="tl_21_5" STYLEREFS="FONT0"/>
            <SP HEIGHT="56" WIDTH="21" VPOS="1207" HPOS="698"/>
            <String HEIGHT="56" WIDTH="255" VPOS="1207" HPOS="634" CONTENT="fouilles" ID="tl_21_6" STYLEREFS="FONT0"/>
            <SP HEIGHT="56" WIDTH="21" VPOS="1207" HPOS="889"/>
            <String HEIGHT="56" WIDTH="297" VPOS="1207" HPOS="825" CONTENT="profondes," ID="tl_21_7" STYLEREFS="FONT0"/>
            <SP HEIGHT="56" WIDTH="21" VPOS="1207" HPOS="1122"/>
            <String HEIGHT="56" WIDTH="127" VPOS="1207" HPOS="1058" CONTENT="au" ID="tl_21_8" STYLEREFS="FONT0"/>
            <SP HEIGHT="56" WIDTH="21" VPOS="1207" HPOS="1186"/>
            <String HEIGHT="56" WIDTH="233" VPOS="1207" HPOS="1122" CONTENT="mémoire" ID="tl_21_9" STYLEREFS="FONT0"/>
            <SP HEIGHT="56" WIDTH="21" VPOS="1207" HPOS="1355"/>
            <String HEIGHT="56" WIDTH="127" VPOS="1207" HPOS="1292" CONTENT="de" ID="tl_21_10" STYLEREFS="FONT0"/>
            <SP HEIGHT="56" WIDTH="21" VPOS="1207" HPOS="1419"/>
            <String HEIGHT="56" WIDTH="127" VPOS="1207" HPOS="1355" CONTENT="M." ID="tl_21_11" STYLEREFS="FONT0"/>
            <SP HEIGHT="56" WIDTH="21" VPOS="1207" HPOS="1483"/>
            <String HEIGHT="56" WIDTH="106" VPOS="1207" HPOS="1398" CONTENT="Al" SUBS_TYPE="HypPart1" SUBS_CONTENT="Allamand" ID="tl_21_12" STYLEREFS="FONT0"/>
            <HYP CONTENT="-"/>
          </TextLine>
          <TextLine ID="tl_22" BASELINE="1324" HEIGHT="65" WIDTH="1379" VPOS="1259" HPOS="123">
            <String HEIGHT="65" WIDTH="215" VPOS="1259" HPOS="101" CONTENT="lamand" SUBS_TYPE="HypPart2" SUBS_CONTENT="Allamand" ID="tl_22_1" STYLEREFS="FONT0"/>
            <SP HEIGHT="65" WIDTH="22" VPOS="1259" HPOS="317"/>
            <String HEIGHT="65" WIDTH="151" VPOS="1259" HPOS="252" CONTENT="sur" ID="tl_22_2" STYLEREFS="FONT0"/>
            <SP HEIGHT="65" WIDTH="22" VPOS="1259" HPOS="403"/>
            <String HEIGHT="65" WIDTH="280" VPOS="1259" HPOS="338" CONTENT="l’origine" ID="tl_22_3" STYLEREFS="FONT0"/>
            <SP HEIGHT="65" WIDTH="22" VPOS="1259" HPOS="619"/>
            <String HEIGHT="65" WIDTH="129" VPOS="1259" HPOS="554" CONTENT="du" ID="tl_22_4" STYLEREFS="FONT0"/>
            <SP HEIGHT="65" WIDTH="22" VPOS="1259" HPOS="683"/>
            <String HEIGHT="65" WIDTH="237" VPOS="1259" HPOS="619" CONTENT="charbon" ID="tl_22_5" STYLEREFS="FONT0"/>
            <SP HEIGHT="65" WIDTH="22" VPOS="1259" HPOS="856"/>
            <String HEIGHT="65" WIDTH="129" VPOS="1259" HPOS="791" CONTENT="de" ID="tl_22_6" STYLEREFS="FONT0"/>
            <SP HEIGHT="65" WIDTH="22" VPOS="1259" HPOS="920"/>
            <String HEIGHT="65" WIDTH="215" VPOS="1259" HPOS="856" CONTENT="terre," ID="tl_22_7" STYLEREFS="FONT0"/>
            <SP HEIGHT="65" WIDTH="22" VPOS="1259" HPOS="1071"/>
            <String HEIGHT="65" WIDTH="151" VPOS="1259" HPOS="1006" CONTENT="les" ID="tl_22_8" STYLEREFS="FONT0"/>
            <SP HEIGHT="65" WIDTH="22" VPOS="1259" HPOS="1157"/>
            <String HEIGHT="65" WIDTH="409" VPOS="1259" HPOS="1093" CONTENT="bouleversements" ID="tl_22_9" STYLEREFS="FONT0"/>
            <SP HEIGHT="65" WIDTH="22" VPOS="1259" HPOS="1502"/>
            <String HEIGHT="65" WIDTH="86" VPOS="1259" HPOS="1416" CONTENT="du" ID="tl_22_10" STYLEREFS="FONT0"/>
          </TextLine>
          <TextLine ID="tl_23" BASELINE="1373" HEIGHT="60" WIDTH="358" VPOS="1313" HPOS="130">
            <String HEIGHT="60" WIDTH="211" VPOS="1313" HPOS="109" CONTENT="globe," ID="tl_23_1" STYLEREFS="FONT0"/>
            <SP HEIGHT="60" WIDTH="21" VPOS="1313" HPOS="320"/>
            <String HEIGHT="60" WIDTH="190" VPOS="1313" HPOS="256" CONTENT="etc.," ID="tl_23_2" STYLEREFS="FONT0"/>
            <SP HEIGHT="60" WIDTH="21" VPOS="1313" HPOS="446"/>
            <String HEIGHT="60" WIDTH="126" VPOS="1313" HPOS="362" CONTENT="etc." ID="tl_23_3" STYLEREFS="FONT0"/>
          </TextLine>
        </TextBlock>
        <TextBlock ID="r_1_13" HEIGHT="51" WIDTH="1412" VPOS="1364" HPOS="84">
          <TextLine ID="tl_24" BASELINE="1413" HEIGHT="81" WIDTH="1429" VPOS="1332" HPOS="76">
            <String HEIGHT="81" WIDTH="165" VPOS="1332" HPOS="58" CONTENT="3111." ID="tl_24_1" STYLEREFS="FONT0"/>
            <SP HEIGHT="81" WIDTH="18" VPOS="1332" HPOS="223"/>
            <String HEIGHT="81" WIDTH="275" VPOS="1332" HPOS="168" CONTENT="Salm" ID="tl_24_2" STYLEREFS="FONT1"/>
            <SP HEIGHT="81" WIDTH="18" VPOS="1332" HPOS="442"/>
            <String HEIGHT="81" WIDTH="128" VPOS="1332" HPOS="387" CONTENT="(la" ID="tl_24_3" STYLEREFS="FONT0"/>
            <SP HEIGHT="81" WIDTH="18" VPOS="1332" HPOS="516"/>
            <String HEIGHT="81" WIDTH="238" VPOS="1332" HPOS="461" CONTENT="princesse" ID="tl_24_4" STYLEREFS="FONT0"/>
            <SP HEIGHT="81" WIDTH="18" VPOS="1332" HPOS="699"/>
            <String HEIGHT="81" WIDTH="147" VPOS="1332" HPOS="644" CONTENT="de)." ID="tl_24_5" STYLEREFS="FONT0"/>
            <SP HEIGHT="81" WIDTH="18" VPOS="1332" HPOS="791"/>
            <String HEIGHT="81" WIDTH="110" VPOS="1332" HPOS="736" CONTENT="L." ID="tl_24_6" STYLEREFS="FONT0"/>
            <SP HEIGHT="81" WIDTH="18" VPOS="1332" HPOS="845"/>
            <String HEIGHT="81" WIDTH="147" VPOS="1332" HPOS="791" CONTENT="aut." ID="tl_24_7" STYLEREFS="FONT0"/>
            <SP HEIGHT="81" WIDTH="18" VPOS="1332" HPOS="937"/>
            <String HEIGHT="81" WIDTH="147" VPOS="1332" HPOS="882" CONTENT="sig." ID="tl_24_8" STYLEREFS="FONT0"/>
            <SP HEIGHT="81" WIDTH="18" VPOS="1332" HPOS="1029"/>
            <String HEIGHT="81" WIDTH="92" VPOS="1332" HPOS="974" CONTENT="1" ID="tl_24_9" STYLEREFS="FONT0"/>
            <SP HEIGHT="81" WIDTH="18" VPOS="1332" HPOS="1065"/>
            <String HEIGHT="81" WIDTH="110" VPOS="1332" HPOS="1010" CONTENT="p." ID="tl_24_10" STYLEREFS="FONT0"/>
            <SP HEIGHT="81" WIDTH="18" VPOS="1332" HPOS="1120"/>
            <String HEIGHT="81" WIDTH="128" VPOS="1332" HPOS="1065" CONTENT="pl." ID="tl_24_11" STYLEREFS="FONT0"/>
            <SP HEIGHT="81" WIDTH="18" VPOS="1332" HPOS="1194"/>
            <String HEIGHT="81" WIDTH="110" VPOS="1332" HPOS="1139" CONTENT="et" ID="tl_24_12" STYLEREFS="FONT0"/>
            <SP HEIGHT="81" WIDTH="18" VPOS="1332" HPOS="1249"/>
            <String HEIGHT="81" WIDTH="165" VPOS="1332" HPOS="1194" CONTENT="demie" ID="tl_24_13" STYLEREFS="FONT0"/>
            <SP HEIGHT="81" WIDTH="18" VPOS="1332" HPOS="1358"/>
            <String HEIGHT="81" WIDTH="165" VPOS="1332" HPOS="1303" CONTENT="in-8." ID="tl_24_14" STYLEREFS="FONT0"/>
            <SP HEIGHT="81" WIDTH="18" VPOS="1332" HPOS="1468"/>
            <String HEIGHT="81" WIDTH="92" VPOS="1332" HPOS="1413" CONTENT="1" ID="tl_24_15" STYLEREFS="FONT0"/>
            <SP HEIGHT="81" WIDTH="18" VPOS="1332" HPOS="1505"/>
            <String HEIGHT="81" WIDTH="73" VPOS="1332" HPOS="1432" CONTENT="50" ID="tl_24_16" STYLEREFS="FONT0"/>
          </TextLine>
        </TextBlock>
        <TextBlock ID="r_1_14" HEIGHT="146" WIDTH="1411" VPOS="1412" HPOS="84">
          <TextLine ID="tl_25" BASELINE="1476" HEIGHT="71" WIDTH="1425" VPOS="1405" HPOS="77">
            <String HEIGHT="71" WIDTH="191" VPOS="1405" HPOS="56" CONTENT="3112." ID="tl_25_1" STYLEREFS="FONT0"/>
            <SP HEIGHT="71" WIDTH="21" VPOS="1405" HPOS="247"/>
            <String HEIGHT="71" WIDTH="383" VPOS="1405" HPOS="183" CONTENT="Sambucy" ID="tl_25_2" STYLEREFS="FONT1"/>
            <SP HEIGHT="71" WIDTH="21" VPOS="1405" HPOS="566"/>
            <String HEIGHT="71" WIDTH="234" VPOS="1405" HPOS="502" CONTENT="(l’abbé" ID="tl_25_3" STYLEREFS="FONT0"/>
            <SP HEIGHT="71" WIDTH="21" VPOS="1405" HPOS="736"/>
            <String HEIGHT="71" WIDTH="191" VPOS="1405" HPOS="673" CONTENT="Louis" ID="tl_25_4" STYLEREFS="FONT0"/>
            <SP HEIGHT="71" WIDTH="21" VPOS="1405" HPOS="864"/>
            <String HEIGHT="71" WIDTH="170" VPOS="1405" HPOS="800" CONTENT="de)," ID="tl_25_5" STYLEREFS="FONT0"/>
            <SP HEIGHT="71" WIDTH="21" VPOS="1405" HPOS="970"/>
            <String HEIGHT="71" WIDTH="213" VPOS="1405" HPOS="906" CONTENT="maître" ID="tl_25_6" STYLEREFS="FONT0"/>
            <SP HEIGHT="71" WIDTH="21" VPOS="1405" HPOS="1119"/>
            <String HEIGHT="71" WIDTH="149" VPOS="1405" HPOS="1055" CONTENT="des" ID="tl_25_7" STYLEREFS="FONT0"/>
            <SP HEIGHT="71" WIDTH="21" VPOS="1405" HPOS="1204"/>
            <String HEIGHT="71" WIDTH="298" VPOS="1405" HPOS="1140" CONTENT="cérémonies" ID="tl_25_8" STYLEREFS="FONT0"/>
            <SP HEIGHT="71" WIDTH="21" VPOS="1405" HPOS="1438"/>
            <String HEIGHT="71" WIDTH="128" VPOS="1405" HPOS="1374" CONTENT="de" ID="tl_25_9" STYLEREFS="FONT0"/>
            <SP HEIGHT="71" WIDTH="21" VPOS="1405" HPOS="1502"/>
            <String HEIGHT="71" WIDTH="85" VPOS="1405" HPOS="1417" CONTENT="la" ID="tl_25_10" STYLEREFS="FONT0"/>
          </TextLine>
          <TextLine ID="tl_26" BASELINE="1506" HEIGHT="53" WIDTH="1379" VPOS="1453" HPOS="123">
            <String HEIGHT="53" WIDTH="259" VPOS="1453" HPOS="101" CONTENT="chapelle" ID="tl_26_1" STYLEREFS="FONT0"/>
            <SP HEIGHT="53" WIDTH="22" VPOS="1453" HPOS="360"/>
            <String HEIGHT="53" WIDTH="129" VPOS="1453" HPOS="295" CONTENT="de" ID="tl_26_2" STYLEREFS="FONT0"/>
            <SP HEIGHT="53" WIDTH="22" VPOS="1453" HPOS="425"/>
            <String HEIGHT="53" WIDTH="194" VPOS="1453" HPOS="360" CONTENT="Louis" ID="tl_26_3" STYLEREFS="FONT0"/>
            <SP HEIGHT="53" WIDTH="22" VPOS="1453" HPOS="554"/>
            <String HEIGHT="53" WIDTH="215" VPOS="1453" HPOS="489" CONTENT="XVIII." ID="tl_26_4" STYLEREFS="FONT0"/>
            <SP HEIGHT="53" WIDTH="22" VPOS="1453" HPOS="705"/>
            <String HEIGHT="53" WIDTH="129" VPOS="1453" HPOS="640" CONTENT="1°" ID="tl_26_5" STYLEREFS="FONT0"/>
            <SP HEIGHT="53" WIDTH="22" VPOS="1453" HPOS="769"/>
            <String HEIGHT="53" WIDTH="129" VPOS="1453" HPOS="705" CONTENT="L." ID="tl_26_6" STYLEREFS="FONT0"/>
            <SP HEIGHT="53" WIDTH="22" VPOS="1453" HPOS="834"/>
            <String HEIGHT="53" WIDTH="172" VPOS="1453" HPOS="769" CONTENT="aut." ID="tl_26_7" STYLEREFS="FONT0"/>
            <SP HEIGHT="53" WIDTH="22" VPOS="1453" HPOS="942"/>
            <String HEIGHT="53" WIDTH="172" VPOS="1453" HPOS="877" CONTENT="sig." ID="tl_26_8" STYLEREFS="FONT0"/>
            <SP HEIGHT="53" WIDTH="22" VPOS="1453" HPOS="1050"/>
            <String HEIGHT="53" WIDTH="129" VPOS="1453" HPOS="985" CONTENT="de" ID="tl_26_9" STYLEREFS="FONT0"/>
            <SP HEIGHT="53" WIDTH="22" VPOS="1453" HPOS="1114"/>
            <String HEIGHT="53" WIDTH="151" VPOS="1453" HPOS="1050" CONTENT="ses" ID="tl_26_10" STYLEREFS="FONT0"/>
            <SP HEIGHT="53" WIDTH="22" VPOS="1453" HPOS="1200"/>
            <String HEIGHT="53" WIDTH="302" VPOS="1453" HPOS="1136" CONTENT="initiales." ID="tl_26_11" STYLEREFS="FONT0"/>
            <SP HEIGHT="53" WIDTH="22" VPOS="1453" HPOS="1437"/>
            <String HEIGHT="53" WIDTH="151" VPOS="1453" HPOS="1351" CONTENT="Rome," ID="tl_26_12" STYLEREFS="FONT0"/>
          </TextLine>
          <TextLine ID="tl_27" BASELINE="1567" HEIGHT="65" WIDTH="1379" VPOS="1502" HPOS="123">
            <String HEIGHT="65" WIDTH="94" VPOS="1502" HPOS="104" CONTENT="3" ID="tl_27_1" STYLEREFS="FONT0"/>
            <SP HEIGHT="65" WIDTH="19" VPOS="1502" HPOS="199"/>
            <String HEIGHT="65" WIDTH="151" VPOS="1502" HPOS="142" CONTENT="oct." ID="tl_27_2" STYLEREFS="FONT0"/>
            <SP HEIGHT="65" WIDTH="19" VPOS="1502" HPOS="293"/>
            <String HEIGHT="65" WIDTH="170" VPOS="1502" HPOS="236" CONTENT="1816." ID="tl_27_3" STYLEREFS="FONT0"/>
            <SP HEIGHT="65" WIDTH="19" VPOS="1502" HPOS="406"/>
            <String HEIGHT="65" WIDTH="94" VPOS="1502" HPOS="350" CONTENT="2" ID="tl_27_4" STYLEREFS="FONT0"/>
            <SP HEIGHT="65" WIDTH="19" VPOS="1502" HPOS="444"/>
            <String HEIGHT="65" WIDTH="113" VPOS="1502" HPOS="387" CONTENT="p." ID="tl_27_5" STYLEREFS="FONT0"/>
            <SP HEIGHT="65" WIDTH="19" VPOS="1502" HPOS="501"/>
            <String HEIGHT="65" WIDTH="170" VPOS="1502" HPOS="444" CONTENT="in-8." ID="tl_27_6" STYLEREFS="FONT0"/>
            <SP HEIGHT="65" WIDTH="19" VPOS="1502" HPOS="614"/>
            <String HEIGHT="65" WIDTH="94" VPOS="1502" HPOS="557" CONTENT="—" ID="tl_27_7" STYLEREFS="FONT0"/>
            <SP HEIGHT="65" WIDTH="19" VPOS="1502" HPOS="652"/>
            <String HEIGHT="65" WIDTH="113" VPOS="1502" HPOS="595" CONTENT="2°" ID="tl_27_8" STYLEREFS="FONT0"/>
            <SP HEIGHT="65" WIDTH="19" VPOS="1502" HPOS="709"/>
            <String HEIGHT="65" WIDTH="113" VPOS="1502" HPOS="652" CONTENT="L." ID="tl_27_9" STYLEREFS="FONT0"/>
            <SP HEIGHT="65" WIDTH="19" VPOS="1502" HPOS="765"/>
            <String HEIGHT="65" WIDTH="113" VPOS="1502" HPOS="709" CONTENT="a." ID="tl_27_10" STYLEREFS="FONT0"/>
            <SP HEIGHT="65" WIDTH="19" VPOS="1502" HPOS="822"/>
            <String HEIGHT="65" WIDTH="113" VPOS="1502" HPOS="765" CONTENT="s." ID="tl_27_11" STYLEREFS="FONT0"/>
            <SP HEIGHT="65" WIDTH="19" VPOS="1502" HPOS="879"/>
            <String HEIGHT="65" WIDTH="170" VPOS="1502" HPOS="822" CONTENT="Rome," ID="tl_27_12" STYLEREFS="FONT0"/>
            <SP HEIGHT="65" WIDTH="19" VPOS="1502" HPOS="992"/>
            <String HEIGHT="65" WIDTH="113" VPOS="1502" HPOS="935" CONTENT="22" ID="tl_27_13" STYLEREFS="FONT0"/>
            <SP HEIGHT="65" WIDTH="19" VPOS="1502" HPOS="1049"/>
            <String HEIGHT="65" WIDTH="151" VPOS="1502" HPOS="992" CONTENT="mars" ID="tl_27_14" STYLEREFS="FONT0"/>
            <SP HEIGHT="65" WIDTH="19" VPOS="1502" HPOS="1143"/>
            <String HEIGHT="65" WIDTH="170" VPOS="1502" HPOS="1086" CONTENT="1821." ID="tl_27_15" STYLEREFS="FONT0"/>
            <SP HEIGHT="65" WIDTH="19" VPOS="1502" HPOS="1256"/>
            <String HEIGHT="65" WIDTH="94" VPOS="1502" HPOS="1200" CONTENT="1" ID="tl_27_16" STYLEREFS="FONT0"/>
            <SP HEIGHT="65" WIDTH="19" VPOS="1502" HPOS="1294"/>
            <String HEIGHT="65" WIDTH="113" VPOS="1502" HPOS="1238" CONTENT="p." ID="tl_27_17" STYLEREFS="FONT0"/>
            <SP HEIGHT="65" WIDTH="19" VPOS="1502" HPOS="1351"/>
            <String HEIGHT="65" WIDTH="170" VPOS="1502" HPOS="1294" CONTENT="in-8." ID="tl_27_18" STYLEREFS="FONT0"/>
            <SP HEIGHT="65" WIDTH="19" VPOS="1502" HPOS="1464"/>
            <String HEIGHT="65" WIDTH="94" VPOS="1502" HPOS="1408" CONTENT="2" ID="tl_27_19" STYLEREFS="FONT0"/>
            <SP HEIGHT="65" WIDTH="19" VPOS="1502" HPOS="1502"/>
            <String HEIGHT="65" WIDTH="76" VPOS="1502" HPOS="1426" CONTENT="50" ID="tl_27_20" STYLEREFS="FONT0"/>
          </TextLine>
        </TextBlock>
        <TextBlock ID="r_1_15" HEIGHT="52" WIDTH="1406" VPOS="1556" HPOS="84">
          <TextLine ID="tl_28" BASELINE="1616" HEIGHT="72" WIDTH="1422" VPOS="1544" HPOS="76">
            <String HEIGHT="72" WIDTH="171" VPOS="1544" HPOS="57" CONTENT="3113." ID="tl_28_1" STYLEREFS="FONT0"/>
            <SP HEIGHT="72" WIDTH="19" VPOS="1544" HPOS="228"/>
            <String HEIGHT="72" WIDTH="284" VPOS="1544" HPOS="171" CONTENT="Sand" ID="tl_28_2" STYLEREFS="FONT1"/>
            <SP HEIGHT="72" WIDTH="19" VPOS="1544" HPOS="455"/>
            <String HEIGHT="72" WIDTH="265" VPOS="1544" HPOS="398" CONTENT="(Georges)." ID="tl_28_3" STYLEREFS="FONT0"/>
            <SP HEIGHT="72" WIDTH="19" VPOS="1544" HPOS="664"/>
            <String HEIGHT="72" WIDTH="190" VPOS="1544" HPOS="607" CONTENT="Madame" ID="tl_28_4" STYLEREFS="FONT0"/>
            <SP HEIGHT="72" WIDTH="19" VPOS="1544" HPOS="796"/>
            <String HEIGHT="72" WIDTH="379" VPOS="1544" HPOS="740" CONTENT="Dudevant" ID="tl_28_5" STYLEREFS="FONT2"/>
            <SP HEIGHT="72" WIDTH="19" VPOS="1544" HPOS="1119"/>
            <String HEIGHT="72" WIDTH="114" VPOS="1544" HPOS="1062" CONTENT="L." ID="tl_28_6" STYLEREFS="FONT0"/>
            <SP HEIGHT="72" WIDTH="19" VPOS="1544" HPOS="1176"/>
            <String HEIGHT="72" WIDTH="152" VPOS="1544" HPOS="1119" CONTENT="aut." ID="tl_28_7" STYLEREFS="FONT0"/>
            <SP HEIGHT="72" WIDTH="19" VPOS="1544" HPOS="1270"/>
            <String HEIGHT="72" WIDTH="152" VPOS="1544" HPOS="1214" CONTENT="sig." ID="tl_28_8" STYLEREFS="FONT0"/>
            <SP HEIGHT="72" WIDTH="19" VPOS="1544" HPOS="1365"/>
            <String HEIGHT="72" WIDTH="209" VPOS="1544" HPOS="1289" CONTENT="Mercredi." ID="tl_28_9" STYLEREFS="FONT0"/>
          </TextLine>
        </TextBlock>
        <TextBlock ID="r_1_16" HEIGHT="49" WIDTH="1364" VPOS="1604" HPOS="129">
          <TextLine ID="tl_29" BASELINE="1654" HEIGHT="57" WIDTH="1380" VPOS="1597" HPOS="121">
            <String HEIGHT="57" WIDTH="298" VPOS="1597" HPOS="94" CONTENT="Demi-p." ID="tl_29_1" STYLEREFS="FONT0"/>
            <SP HEIGHT="57" WIDTH="27" VPOS="1597" HPOS="392"/>
            <String HEIGHT="57" WIDTH="271" VPOS="1597" HPOS="310" CONTENT="in-4.," ID="tl_29_2" STYLEREFS="FONT0"/>
            <SP HEIGHT="57" WIDTH="27" VPOS="1597" HPOS="581"/>
            <String HEIGHT="57" WIDTH="162" VPOS="1597" HPOS="500" CONTENT="et" ID="tl_29_3" STYLEREFS="FONT0"/>
            <SP HEIGHT="57" WIDTH="27" VPOS="1597" HPOS="662"/>
            <String HEIGHT="57" WIDTH="216" VPOS="1597" HPOS="581" CONTENT="deux" ID="tl_29_4" STYLEREFS="FONT0"/>
            <SP HEIGHT="57" WIDTH="27" VPOS="1597" HPOS="797"/>
            <String HEIGHT="57" WIDTH="379" VPOS="1597" HPOS="716" CONTENT="enveloppes" ID="tl_29_5" STYLEREFS="FONT0"/>
            <SP HEIGHT="57" WIDTH="27" VPOS="1597" HPOS="1095"/>
            <String HEIGHT="57" WIDTH="162" VPOS="1597" HPOS="1014" CONTENT="de" ID="tl_29_6" STYLEREFS="FONT0"/>
            <SP HEIGHT="57" WIDTH="27" VPOS="1597" HPOS="1176"/>
            <String HEIGHT="57" WIDTH="244" VPOS="1597" HPOS="1095" CONTENT="lett." ID="tl_29_7" STYLEREFS="FONT0"/>
            <SP HEIGHT="57" WIDTH="27" VPOS="1597" HPOS="1339"/>
            <String HEIGHT="57" WIDTH="216" VPOS="1597" HPOS="1257" CONTENT="aut." ID="tl_29_8" STYLEREFS="FONT0"/>
            <SP HEIGHT="57" WIDTH="27" VPOS="1597" HPOS="1474"/>
            <String HEIGHT="57" WIDTH="135" VPOS="1597" HPOS="1393" CONTENT="3" ID="tl_29_9" STYLEREFS="FONT0"/>
            <SP HEIGHT="57" WIDTH="27" VPOS="1597" HPOS="1528"/>
            <String HEIGHT="57" WIDTH="81" VPOS="1597" HPOS="1420" CONTENT="»" ID="tl_29_10" STYLEREFS="FONT0"/>
          </TextLine>
        </TextBlock>
        <TextBlock ID="r_1_17" HEIGHT="627" WIDTH="1412" VPOS="1651" HPOS="84">
          <TextLine ID="tl_30" BASELINE="1701" HEIGHT="71" WIDTH="1427" VPOS="1630" HPOS="77">
            <String HEIGHT="71" WIDTH="195" VPOS="1630" HPOS="55" CONTENT="3114." ID="tl_30_1" STYLEREFS="FONT0"/>
            <SP HEIGHT="71" WIDTH="22" VPOS="1630" HPOS="250"/>
            <String HEIGHT="71" WIDTH="411" VPOS="1630" HPOS="185" CONTENT="Santerre" ID="tl_30_2" STYLEREFS="FONT1"/>
            <SP HEIGHT="71" WIDTH="22" VPOS="1630" HPOS="596"/>
            <String HEIGHT="71" WIDTH="281" VPOS="1630" HPOS="531" CONTENT="(Claude)," ID="tl_30_3" STYLEREFS="FONT0"/>
            <SP HEIGHT="71" WIDTH="22" VPOS="1630" HPOS="812"/>
            <String HEIGHT="71" WIDTH="216" VPOS="1630" HPOS="747" CONTENT="maître" ID="tl_30_4" STYLEREFS="FONT0"/>
            <SP HEIGHT="71" WIDTH="22" VPOS="1630" HPOS="963"/>
            <String HEIGHT="71" WIDTH="259" VPOS="1630" HPOS="899" CONTENT="brasseur" ID="tl_30_5" STYLEREFS="FONT0"/>
            <SP HEIGHT="71" WIDTH="22" VPOS="1630" HPOS="1158"/>
            <String HEIGHT="71" WIDTH="130" VPOS="1630" HPOS="1093" CONTENT="du" ID="tl_30_6" STYLEREFS="FONT0"/>
            <SP HEIGHT="71" WIDTH="22" VPOS="1630" HPOS="1223"/>
            <String HEIGHT="71" WIDTH="259" VPOS="1630" HPOS="1158" CONTENT="faubourg" ID="tl_30_7" STYLEREFS="FONT0"/>
            <SP HEIGHT="71" WIDTH="22" VPOS="1630" HPOS="1418"/>
            <String HEIGHT="71" WIDTH="173" VPOS="1630" HPOS="1331" CONTENT="Saint" SUBS_TYPE="HypPart1" SUBS_CONTENT="SaintAntoine," ID="tl_30_8" STYLEREFS="FONT0"/>
            <HYP CONTENT="-"/>
          </TextLine>
          <TextLine ID="tl_31" BASELINE="1747" HEIGHT="63" WIDTH="1377" VPOS="1684" HPOS="124">
            <String HEIGHT="63" WIDTH="271" VPOS="1684" HPOS="101" CONTENT="Antoine," SUBS_TYPE="HypPart2" SUBS_CONTENT="SaintAntoine," ID="tl_31_1" STYLEREFS="FONT0"/>
            <SP HEIGHT="63" WIDTH="23" VPOS="1684" HPOS="372"/>
            <String HEIGHT="63" WIDTH="316" VPOS="1684" HPOS="305" CONTENT="commandant" ID="tl_31_2" STYLEREFS="FONT0"/>
            <SP HEIGHT="63" WIDTH="23" VPOS="1684" HPOS="621"/>
            <String HEIGHT="63" WIDTH="135" VPOS="1684" HPOS="553" CONTENT="de" ID="tl_31_3" STYLEREFS="FONT0"/>
            <SP HEIGHT="63" WIDTH="23" VPOS="1684" HPOS="688"/>
            <String HEIGHT="63" WIDTH="135" VPOS="1684" HPOS="621" CONTENT="la" ID="tl_31_4" STYLEREFS="FONT0"/>
            <SP HEIGHT="63" WIDTH="23" VPOS="1684" HPOS="756"/>
            <String HEIGHT="63" WIDTH="203" VPOS="1684" HPOS="688" CONTENT="garde" ID="tl_31_5" STYLEREFS="FONT0"/>
            <SP HEIGHT="63" WIDTH="23" VPOS="1684" HPOS="892"/>
            <String HEIGHT="63" WIDTH="293" VPOS="1684" HPOS="824" CONTENT="nationale" ID="tl_31_6" STYLEREFS="FONT0"/>
            <SP HEIGHT="63" WIDTH="23" VPOS="1684" HPOS="1117"/>
            <String HEIGHT="63" WIDTH="339" VPOS="1684" HPOS="1050" CONTENT="parisienne," ID="tl_31_7" STYLEREFS="FONT0"/>
            <SP HEIGHT="63" WIDTH="23" VPOS="1684" HPOS="1388"/>
            <String HEIGHT="63" WIDTH="203" VPOS="1684" HPOS="1298" CONTENT="Conven" SUBS_TYPE="HypPart1" SUBS_CONTENT="Conventionnel." ID="tl_31_8" STYLEREFS="FONT0"/>
            <HYP CONTENT="-"/>
          </TextLine>
          <TextLine ID="tl_32" BASELINE="1812" HEIGHT="67" WIDTH="1375" VPOS="1745" HPOS="124">
            <String HEIGHT="67" WIDTH="246" VPOS="1745" HPOS="103" CONTENT="tionnel." SUBS_TYPE="HypPart2" SUBS_CONTENT="Conventionnel." ID="tl_32_1" STYLEREFS="FONT0"/>
            <SP HEIGHT="67" WIDTH="21" VPOS="1745" HPOS="350"/>
            <String HEIGHT="67" WIDTH="123" VPOS="1745" HPOS="288" CONTENT="1°" ID="tl_32_2" STYLEREFS="FONT0"/>
            <SP HEIGHT="67" WIDTH="21" VPOS="1745" HPOS="411"/>
            <String HEIGHT="67" WIDTH="123" VPOS="1745" HPOS="350" CONTENT="L." ID="tl_32_3" STYLEREFS="FONT0"/>
            <SP HEIGHT="67" WIDTH="21" VPOS="1745" HPOS="473"/>
            <String HEIGHT="67" WIDTH="185" VPOS="1745" HPOS="411" CONTENT="sig.," ID="tl_32_4" STYLEREFS="FONT0"/>
            <SP HEIGHT="67" WIDTH="21" VPOS="1745" HPOS="596"/>
            <String HEIGHT="67" WIDTH="123" VPOS="1745" HPOS="534" CONTENT="au" ID="tl_32_5" STYLEREFS="FONT0"/>
            <SP HEIGHT="67" WIDTH="21" VPOS="1745" HPOS="658"/>
            <String HEIGHT="67" WIDTH="246" VPOS="1745" HPOS="596" CONTENT="ministre" ID="tl_32_6" STYLEREFS="FONT0"/>
            <SP HEIGHT="67" WIDTH="21" VPOS="1745" HPOS="842"/>
            <String HEIGHT="67" WIDTH="123" VPOS="1745" HPOS="781" CONTENT="de" ID="tl_32_7" STYLEREFS="FONT0"/>
            <SP HEIGHT="67" WIDTH="21" VPOS="1745" HPOS="904"/>
            <String HEIGHT="67" WIDTH="123" VPOS="1745" HPOS="842" CONTENT="la" ID="tl_32_8" STYLEREFS="FONT0"/>
            <SP HEIGHT="67" WIDTH="21" VPOS="1745" HPOS="965"/>
            <String HEIGHT="67" WIDTH="226" VPOS="1745" HPOS="904" CONTENT="guerre." ID="tl_32_9" STYLEREFS="FONT0"/>
            <SP HEIGHT="67" WIDTH="21" VPOS="1745" HPOS="1130"/>
            <String HEIGHT="67" WIDTH="205" VPOS="1745" HPOS="1068" CONTENT="Paris," ID="tl_32_10" STYLEREFS="FONT0"/>
            <SP HEIGHT="67" WIDTH="21" VPOS="1745" HPOS="1273"/>
            <String HEIGHT="67" WIDTH="123" VPOS="1745" HPOS="1212" CONTENT="14" ID="tl_32_11" STYLEREFS="FONT0"/>
            <SP HEIGHT="67" WIDTH="21" VPOS="1745" HPOS="1335"/>
            <String HEIGHT="67" WIDTH="164" VPOS="1745" HPOS="1273" CONTENT="mars" ID="tl_32_12" STYLEREFS="FONT0"/>
            <SP HEIGHT="67" WIDTH="21" VPOS="1745" HPOS="1437"/>
            <String HEIGHT="67" WIDTH="144" VPOS="1745" HPOS="1355" CONTENT="1793." ID="tl_32_13" STYLEREFS="FONT0"/>
          </TextLine>
          <TextLine ID="tl_33" BASELINE="1839" HEIGHT="53" WIDTH="1378" VPOS="1786" HPOS="121">
            <String HEIGHT="53" WIDTH="106" VPOS="1786" HPOS="100" CONTENT="2" ID="tl_33_1" STYLEREFS="FONT0"/>
            <SP HEIGHT="53" WIDTH="21" VPOS="1786" HPOS="206"/>
            <String HEIGHT="53" WIDTH="127" VPOS="1786" HPOS="142" CONTENT="p." ID="tl_33_2" STYLEREFS="FONT0"/>
            <SP HEIGHT="53" WIDTH="21" VPOS="1786" HPOS="269"/>
            <String HEIGHT="53" WIDTH="233" VPOS="1786" HPOS="206" CONTENT="in-fol." ID="tl_33_3" STYLEREFS="FONT0"/>
            <SP HEIGHT="53" WIDTH="21" VPOS="1786" HPOS="439"/>
            <String HEIGHT="53" WIDTH="106" VPOS="1786" HPOS="375" CONTENT="—" ID="tl_33_4" STYLEREFS="FONT0"/>
            <SP HEIGHT="53" WIDTH="21" VPOS="1786" HPOS="481"/>
            <String HEIGHT="53" WIDTH="127" VPOS="1786" HPOS="418" CONTENT="2°" ID="tl_33_5" STYLEREFS="FONT0"/>
            <SP HEIGHT="53" WIDTH="21" VPOS="1786" HPOS="545"/>
            <String HEIGHT="53" WIDTH="212" VPOS="1786" HPOS="481" CONTENT="Perais" ID="tl_33_6" STYLEREFS="FONT0"/>
            <SP HEIGHT="53" WIDTH="21" VPOS="1786" HPOS="693"/>
            <String HEIGHT="53" WIDTH="170" VPOS="1786" HPOS="630" CONTENT="aut." ID="tl_33_7" STYLEREFS="FONT0"/>
            <SP HEIGHT="53" WIDTH="21" VPOS="1786" HPOS="799"/>
            <String HEIGHT="53" WIDTH="191" VPOS="1786" HPOS="736" CONTENT="sig.," ID="tl_33_8" STYLEREFS="FONT0"/>
            <SP HEIGHT="53" WIDTH="21" VPOS="1786" HPOS="927"/>
            <String HEIGHT="53" WIDTH="106" VPOS="1786" HPOS="863" CONTENT="à" ID="tl_33_9" STYLEREFS="FONT0"/>
            <SP HEIGHT="53" WIDTH="21" VPOS="1786" HPOS="969"/>
            <String HEIGHT="53" WIDTH="148" VPOS="1786" HPOS="905" CONTENT="ses" ID="tl_33_10" STYLEREFS="FONT0"/>
            <SP HEIGHT="53" WIDTH="21" VPOS="1786" HPOS="1054"/>
            <String HEIGHT="53" WIDTH="170" VPOS="1786" HPOS="990" CONTENT="deux" ID="tl_33_11" STYLEREFS="FONT0"/>
            <SP HEIGHT="53" WIDTH="21" VPOS="1786" HPOS="1160"/>
            <String HEIGHT="53" WIDTH="191" VPOS="1786" HPOS="1096" CONTENT="fils," ID="tl_33_12" STYLEREFS="FONT0"/>
            <SP HEIGHT="53" WIDTH="21" VPOS="1786" HPOS="1287"/>
            <String HEIGHT="53" WIDTH="127" VPOS="1786" HPOS="1223" CONTENT="de" ID="tl_33_13" STYLEREFS="FONT0"/>
            <SP HEIGHT="53" WIDTH="21" VPOS="1786" HPOS="1351"/>
            <String HEIGHT="53" WIDTH="127" VPOS="1786" HPOS="1287" CONTENT="se" ID="tl_33_14" STYLEREFS="FONT0"/>
            <SP HEIGHT="53" WIDTH="21" VPOS="1786" HPOS="1414"/>
            <String HEIGHT="53" WIDTH="170" VPOS="1786" HPOS="1329" CONTENT="rendre" ID="tl_33_15" STYLEREFS="FONT0"/>
          </TextLine>
          <TextLine ID="tl_34" BASELINE="1901" HEIGHT="60" WIDTH="1378" VPOS="1841" HPOS="122">
            <String HEIGHT="60" WIDTH="121" VPOS="1841" HPOS="98" CONTENT="à" ID="tl_34_1" STYLEREFS="FONT0"/>
            <SP HEIGHT="60" WIDTH="24" VPOS="1841" HPOS="219"/>
            <String HEIGHT="60" WIDTH="290" VPOS="1841" HPOS="146" CONTENT="Hambourg" ID="tl_34_2" STYLEREFS="FONT0"/>
            <SP HEIGHT="60" WIDTH="24" VPOS="1841" HPOS="436"/>
            <String HEIGHT="60" WIDTH="193" VPOS="1841" HPOS="364" CONTENT="pour" ID="tl_34_3" STYLEREFS="FONT0"/>
            <SP HEIGHT="60" WIDTH="24" VPOS="1841" HPOS="557"/>
            <String HEIGHT="60" WIDTH="121" VPOS="1841" HPOS="485" CONTENT="y" ID="tl_34_4" STYLEREFS="FONT0"/>
            <SP HEIGHT="60" WIDTH="24" VPOS="1841" HPOS="606"/>
            <String HEIGHT="60" WIDTH="314" VPOS="1841" HPOS="533" CONTENT="apprendre" ID="tl_34_5" STYLEREFS="FONT0"/>
            <SP HEIGHT="60" WIDTH="24" VPOS="1841" HPOS="847"/>
            <String HEIGHT="60" WIDTH="145" VPOS="1841" HPOS="775" CONTENT="le" ID="tl_34_6" STYLEREFS="FONT0"/>
            <SP HEIGHT="60" WIDTH="24" VPOS="1841" HPOS="920"/>
            <String HEIGHT="60" WIDTH="314" VPOS="1841" HPOS="847" CONTENT="commerce." ID="tl_34_7" STYLEREFS="FONT0"/>
            <SP HEIGHT="60" WIDTH="24" VPOS="1841" HPOS="1162"/>
            <String HEIGHT="60" WIDTH="193" VPOS="1841" HPOS="1089" CONTENT="Daté" ID="tl_34_8" STYLEREFS="FONT0"/>
            <SP HEIGHT="60" WIDTH="24" VPOS="1841" HPOS="1282"/>
            <String HEIGHT="60" WIDTH="145" VPOS="1841" HPOS="1210" CONTENT="de" ID="tl_34_9" STYLEREFS="FONT0"/>
            <SP HEIGHT="60" WIDTH="24" VPOS="1841" HPOS="1355"/>
            <String HEIGHT="60" WIDTH="242" VPOS="1841" HPOS="1282" CONTENT="Paris," ID="tl_34_10" STYLEREFS="FONT0"/>
            <SP HEIGHT="60" WIDTH="24" VPOS="1841" HPOS="1524"/>
            <String HEIGHT="60" WIDTH="73" VPOS="1841" HPOS="1427" CONTENT="6" ID="tl_34_11" STYLEREFS="FONT0"/>
          </TextLine>
          <TextLine ID="tl_35" BASELINE="1935" HEIGHT="53" WIDTH="1376" VPOS="1882" HPOS="123">
            <String HEIGHT="53" WIDTH="258" VPOS="1882" HPOS="102" CONTENT="messidor" ID="tl_35_1" STYLEREFS="FONT0"/>
            <SP HEIGHT="53" WIDTH="22" VPOS="1882" HPOS="360"/>
            <String HEIGHT="53" WIDTH="129" VPOS="1882" HPOS="295" CONTENT="an" ID="tl_35_2" STYLEREFS="FONT0"/>
            <SP HEIGHT="53" WIDTH="22" VPOS="1882" HPOS="424"/>
            <String HEIGHT="53" WIDTH="151" VPOS="1882" HPOS="360" CONTENT="VI," ID="tl_35_3" STYLEREFS="FONT0"/>
            <SP HEIGHT="53" WIDTH="22" VPOS="1882" HPOS="510"/>
            <String HEIGHT="53" WIDTH="194" VPOS="1882" HPOS="446" CONTENT="in-4." ID="tl_35_4" STYLEREFS="FONT0"/>
            <SP HEIGHT="53" WIDTH="22" VPOS="1882" HPOS="639"/>
            <String HEIGHT="53" WIDTH="108" VPOS="1882" HPOS="575" CONTENT="—" ID="tl_35_5" STYLEREFS="FONT0"/>
            <SP HEIGHT="53" WIDTH="22" VPOS="1882" HPOS="682"/>
            <String HEIGHT="53" WIDTH="129" VPOS="1882" HPOS="618" CONTENT="3°" ID="tl_35_6" STYLEREFS="FONT0"/>
            <SP HEIGHT="53" WIDTH="22" VPOS="1882" HPOS="747"/>
            <String HEIGHT="53" WIDTH="237" VPOS="1882" HPOS="682" CONTENT="Dossier" ID="tl_35_7" STYLEREFS="FONT0"/>
            <SP HEIGHT="53" WIDTH="22" VPOS="1882" HPOS="919"/>
            <String HEIGHT="53" WIDTH="280" VPOS="1882" HPOS="854" CONTENT="contenant" ID="tl_35_8" STYLEREFS="FONT0"/>
            <SP HEIGHT="53" WIDTH="22" VPOS="1882" HPOS="1134"/>
            <String HEIGHT="53" WIDTH="430" VPOS="1882" HPOS="1069" CONTENT="l’interrogatoire" ID="tl_35_9" STYLEREFS="FONT0"/>
            <SP HEIGHT="53" WIDTH="22" VPOS="1882" HPOS="1499"/>
            <String HEIGHT="53" WIDTH="86" VPOS="1882" HPOS="1413" CONTENT="de" ID="tl_35_10" STYLEREFS="FONT0"/>
          </TextLine>
          <TextLine ID="tl_36" BASELINE="1979" HEIGHT="47" WIDTH="1380" VPOS="1932" HPOS="122">
            <String HEIGHT="47" WIDTH="249" VPOS="1932" HPOS="103" CONTENT="Santerre," ID="tl_36_1" STYLEREFS="FONT0"/>
            <SP HEIGHT="47" WIDTH="19" VPOS="1932" HPOS="352"/>
            <String HEIGHT="47" WIDTH="192" VPOS="1932" HPOS="294" CONTENT="accusé" ID="tl_36_2" STYLEREFS="FONT0"/>
            <SP HEIGHT="47" WIDTH="19" VPOS="1932" HPOS="486"/>
            <String HEIGHT="47" WIDTH="115" VPOS="1932" HPOS="429" CONTENT="de" ID="tl_36_3" STYLEREFS="FONT0"/>
            <SP HEIGHT="47" WIDTH="19" VPOS="1932" HPOS="544"/>
            <String HEIGHT="47" WIDTH="192" VPOS="1932" HPOS="486" CONTENT="s’être" ID="tl_36_4" STYLEREFS="FONT0"/>
            <SP HEIGHT="47" WIDTH="19" VPOS="1932" HPOS="678"/>
            <String HEIGHT="47" WIDTH="211" VPOS="1932" HPOS="620" CONTENT="fort" ID="tl_36_5" STYLEREFS="FONT2"/>
            <SP HEIGHT="47" WIDTH="19" VPOS="1932" HPOS="831"/>
            <String HEIGHT="47" WIDTH="134" VPOS="1932" HPOS="774" CONTENT="mal" ID="tl_36_6" STYLEREFS="FONT2"/>
            <SP HEIGHT="47" WIDTH="19" VPOS="1932" HPOS="908"/>
            <String HEIGHT="47" WIDTH="288" VPOS="1932" HPOS="850" CONTENT="conduit" ID="tl_36_7" STYLEREFS="FONT2"/>
            <SP HEIGHT="47" WIDTH="19" VPOS="1932" HPOS="1138"/>
            <String HEIGHT="47" WIDTH="96" VPOS="1932" HPOS="1080" CONTENT="à" ID="tl_36_8" STYLEREFS="FONT0"/>
            <SP HEIGHT="47" WIDTH="19" VPOS="1932" HPOS="1176"/>
            <String HEIGHT="47" WIDTH="249" VPOS="1932" HPOS="1119" CONTENT="l’attaque" ID="tl_36_9" STYLEREFS="FONT0"/>
            <SP HEIGHT="47" WIDTH="19" VPOS="1932" HPOS="1368"/>
            <String HEIGHT="47" WIDTH="173" VPOS="1932" HPOS="1310" CONTENT="d'une" ID="tl_36_10" STYLEREFS="FONT0"/>
            <SP HEIGHT="47" WIDTH="19" VPOS="1932" HPOS="1483"/>
            <String HEIGHT="47" WIDTH="96" VPOS="1932" HPOS="1406" CONTENT="re" SUBS_TYPE="HypPart1" SUBS_CONTENT="redoute" ID="tl_36_11" STYLEREFS="FONT0"/>
            <HYP CONTENT="-"/>
          </TextLine>
          <TextLine ID="tl_37" BASELINE="2039" HEIGHT="60" WIDTH="1378" VPOS="1979" HPOS="123">
            <String HEIGHT="60" WIDTH="191" VPOS="1979" HPOS="102" CONTENT="doute" SUBS_TYPE="HypPart2" SUBS_CONTENT="redoute" ID="tl_37_1" STYLEREFS="FONT0"/>
            <SP HEIGHT="60" WIDTH="21" VPOS="1979" HPOS="293"/>
            <String HEIGHT="60" WIDTH="276" VPOS="1979" HPOS="229" CONTENT="au-dessus" ID="tl_37_2" STYLEREFS="FONT0"/>
            <SP HEIGHT="60" WIDTH="21" VPOS="1979" HPOS="505"/>
            <String HEIGHT="60" WIDTH="127" VPOS="1979" HPOS="441" CONTENT="ne" ID="tl_37_3" STYLEREFS="FONT0"/>
            <SP HEIGHT="60" WIDTH="21" VPOS="1979" HPOS="568"/>
            <String HEIGHT="60" WIDTH="297" VPOS="1979" HPOS="505" CONTENT="Salenches," ID="tl_37_4" STYLEREFS="FONT0"/>
            <SP HEIGHT="60" WIDTH="21" VPOS="1979" HPOS="801"/>
            <String HEIGHT="60" WIDTH="127" VPOS="1979" HPOS="738" CONTENT="et" ID="tl_37_5" STYLEREFS="FONT0"/>
            <SP HEIGHT="60" WIDTH="21" VPOS="1979" HPOS="865"/>
            <String HEIGHT="60" WIDTH="233" VPOS="1979" HPOS="801" CONTENT="d’avoir" ID="tl_37_6" STYLEREFS="FONT0"/>
            <SP HEIGHT="60" WIDTH="21" VPOS="1979" HPOS="1035"/>
            <String HEIGHT="60" WIDTH="212" VPOS="1979" HPOS="971" CONTENT="laissé" ID="tl_37_7" STYLEREFS="FONT0"/>
            <SP HEIGHT="60" WIDTH="21" VPOS="1979" HPOS="1183"/>
            <String HEIGHT="60" WIDTH="212" VPOS="1979" HPOS="1119" CONTENT="piller" ID="tl_37_8" STYLEREFS="FONT0"/>
            <SP HEIGHT="60" WIDTH="21" VPOS="1979" HPOS="1331"/>
            <String HEIGHT="60" WIDTH="127" VPOS="1979" HPOS="1268" CONTENT="et" ID="tl_37_9" STYLEREFS="FONT0"/>
            <SP HEIGHT="60" WIDTH="21" VPOS="1979" HPOS="1395"/>
            <String HEIGHT="60" WIDTH="191" VPOS="1979" HPOS="1310" CONTENT="égorger" ID="tl_37_10" STYLEREFS="FONT0"/>
          </TextLine>
          <TextLine ID="tl_38" BASELINE="2087" HEIGHT="71" WIDTH="1379" VPOS="2016" HPOS="122">
            <String HEIGHT="71" WIDTH="149" VPOS="2016" HPOS="101" CONTENT="des" ID="tl_38_1" STYLEREFS="FONT0"/>
            <SP HEIGHT="71" WIDTH="21" VPOS="2016" HPOS="249"/>
            <String HEIGHT="71" WIDTH="255" VPOS="2016" HPOS="186" CONTENT="citoyens" ID="tl_38_2" STYLEREFS="FONT0"/>
            <SP HEIGHT="71" WIDTH="21" VPOS="2016" HPOS="440"/>
            <String HEIGHT="71" WIDTH="276" VPOS="2016" HPOS="377" CONTENT="paisibles" ID="tl_38_3" STYLEREFS="FONT0"/>
            <SP HEIGHT="71" WIDTH="21" VPOS="2016" HPOS="652"/>
            <String HEIGHT="71" WIDTH="149" VPOS="2016" HPOS="589" CONTENT="sur" ID="tl_38_4" STYLEREFS="FONT0"/>
            <SP HEIGHT="71" WIDTH="21" VPOS="2016" HPOS="737"/>
            <String HEIGHT="71" WIDTH="127" VPOS="2016" HPOS="674" CONTENT="la" ID="tl_38_5" STYLEREFS="FONT0"/>
            <SP HEIGHT="71" WIDTH="21" VPOS="2016" HPOS="801"/>
            <String HEIGHT="71" WIDTH="191" VPOS="2016" HPOS="737" CONTENT="route" ID="tl_38_6" STYLEREFS="FONT0"/>
            <SP HEIGHT="71" WIDTH="21" VPOS="2016" HPOS="928"/>
            <String HEIGHT="71" WIDTH="127" VPOS="2016" HPOS="865" CONTENT="de" ID="tl_38_7" STYLEREFS="FONT0"/>
            <SP HEIGHT="71" WIDTH="21" VPOS="2016" HPOS="992"/>
            <String HEIGHT="71" WIDTH="233" VPOS="2016" HPOS="928" CONTENT="Cluses." ID="tl_38_8" STYLEREFS="FONT0"/>
            <SP HEIGHT="71" WIDTH="21" VPOS="2016" HPOS="1162"/>
            <String HEIGHT="71" WIDTH="276" VPOS="2016" HPOS="1098" CONTENT="Ensemble," ID="tl_38_9" STYLEREFS="FONT0"/>
            <SP HEIGHT="71" WIDTH="21" VPOS="2016" HPOS="1374"/>
            <String HEIGHT="71" WIDTH="127" VPOS="2016" HPOS="1310" CONTENT="18" ID="tl_38_10" STYLEREFS="FONT0"/>
            <SP HEIGHT="71" WIDTH="21" VPOS="2016" HPOS="1437"/>
            <String HEIGHT="71" WIDTH="149" VPOS="2016" HPOS="1352" CONTENT="pages" ID="tl_38_11" STYLEREFS="FONT0"/>
          </TextLine>
          <TextLine ID="tl_39" BASELINE="2127" HEIGHT="51" WIDTH="1378" VPOS="2076" HPOS="121">
            <String HEIGHT="51" WIDTH="185" VPOS="2076" HPOS="100" CONTENT="in-4." ID="tl_39_1" STYLEREFS="FONT0"/>
            <SP HEIGHT="51" WIDTH="21" VPOS="2076" HPOS="286"/>
            <String HEIGHT="51" WIDTH="123" VPOS="2076" HPOS="224" CONTENT="et" ID="tl_39_2" STYLEREFS="FONT0"/>
            <SP HEIGHT="51" WIDTH="21" VPOS="2076" HPOS="347"/>
            <String HEIGHT="51" WIDTH="226" VPOS="2076" HPOS="286" CONTENT="in-fol." ID="tl_39_3" STYLEREFS="FONT0"/>
            <SP HEIGHT="51" WIDTH="21" VPOS="2076" HPOS="512"/>
            <String HEIGHT="51" WIDTH="144" VPOS="2076" HPOS="450" CONTENT="Cet" ID="tl_39_4" STYLEREFS="FONT0"/>
            <SP HEIGHT="51" WIDTH="21" VPOS="2076" HPOS="594"/>
            <String HEIGHT="51" WIDTH="370" VPOS="2076" HPOS="532" CONTENT="interrogatoire" ID="tl_39_5" STYLEREFS="FONT0"/>
            <SP HEIGHT="51" WIDTH="21" VPOS="2076" HPOS="903"/>
            <String HEIGHT="51" WIDTH="144" VPOS="2076" HPOS="841" CONTENT="est" ID="tl_39_6" STYLEREFS="FONT0"/>
            <SP HEIGHT="51" WIDTH="21" VPOS="2076" HPOS="985"/>
            <String HEIGHT="51" WIDTH="185" VPOS="2076" HPOS="923" CONTENT="suivi" ID="tl_39_7" STYLEREFS="FONT0"/>
            <SP HEIGHT="51" WIDTH="21" VPOS="2076" HPOS="1108"/>
            <String HEIGHT="51" WIDTH="165" VPOS="2076" HPOS="1047" CONTENT="d’un" ID="tl_39_8" STYLEREFS="FONT0"/>
            <SP HEIGHT="51" WIDTH="21" VPOS="2076" HPOS="1211"/>
            <String HEIGHT="51" WIDTH="247" VPOS="2076" HPOS="1149" CONTENT="jugement" ID="tl_39_9" STYLEREFS="FONT0"/>
            <SP HEIGHT="51" WIDTH="21" VPOS="2076" HPOS="1396"/>
            <String HEIGHT="51" WIDTH="144" VPOS="2076" HPOS="1334" CONTENT="qui" ID="tl_39_10" STYLEREFS="FONT0"/>
            <SP HEIGHT="51" WIDTH="21" VPOS="2076" HPOS="1478"/>
            <String HEIGHT="51" WIDTH="103" VPOS="2076" HPOS="1396" CONTENT="ac" SUBS_TYPE="HypPart1" SUBS_CONTENT="acquitte" ID="tl_39_11" STYLEREFS="FONT0"/>
            <HYP CONTENT="-"/>
          </TextLine>
          <TextLine ID="tl_40" BASELINE="2176" HEIGHT="59" WIDTH="1373" VPOS="2117" HPOS="125">
            <String HEIGHT="59" WIDTH="208" VPOS="2117" HPOS="104" CONTENT="quitte" SUBS_TYPE="HypPart2" SUBS_CONTENT="acquitte" ID="tl_40_1" STYLEREFS="FONT0"/>
            <SP HEIGHT="59" WIDTH="21" VPOS="2117" HPOS="312"/>
            <String HEIGHT="59" WIDTH="250" VPOS="2117" HPOS="250" CONTENT="Santerre" ID="tl_40_2" STYLEREFS="FONT0"/>
            <SP HEIGHT="59" WIDTH="21" VPOS="2117" HPOS="499"/>
            <String HEIGHT="59" WIDTH="146" VPOS="2117" HPOS="437" CONTENT="sur" ID="tl_40_3" STYLEREFS="FONT0"/>
            <SP HEIGHT="59" WIDTH="21" VPOS="2117" HPOS="583"/>
            <String HEIGHT="59" WIDTH="125" VPOS="2117" HPOS="520" CONTENT="le" ID="tl_40_4" STYLEREFS="FONT0"/>
            <SP HEIGHT="59" WIDTH="21" VPOS="2117" HPOS="645"/>
            <String HEIGHT="59" WIDTH="229" VPOS="2117" HPOS="583" CONTENT="dernier" ID="tl_40_5" STYLEREFS="FONT0"/>
            <SP HEIGHT="59" WIDTH="21" VPOS="2117" HPOS="812"/>
            <String HEIGHT="59" WIDTH="187" VPOS="2117" HPOS="749" CONTENT="chef." ID="tl_40_6" STYLEREFS="FONT0"/>
            <SP HEIGHT="59" WIDTH="21" VPOS="2117" HPOS="936"/>
            <String HEIGHT="59" WIDTH="187" VPOS="2117" HPOS="874" CONTENT="Quant" ID="tl_40_7" STYLEREFS="FONT0"/>
            <SP HEIGHT="59" WIDTH="21" VPOS="2117" HPOS="1061"/>
            <String HEIGHT="59" WIDTH="125" VPOS="2117" HPOS="999" CONTENT="au" ID="tl_40_8" STYLEREFS="FONT0"/>
            <SP HEIGHT="59" WIDTH="21" VPOS="2117" HPOS="1124"/>
            <String HEIGHT="59" WIDTH="250" VPOS="2117" HPOS="1061" CONTENT="premier," ID="tl_40_9" STYLEREFS="FONT0"/>
            <SP HEIGHT="59" WIDTH="21" VPOS="2117" HPOS="1311"/>
            <String HEIGHT="59" WIDTH="125" VPOS="2117" HPOS="1248" CONTENT="il" ID="tl_40_10" STYLEREFS="FONT0"/>
            <SP HEIGHT="59" WIDTH="21" VPOS="2117" HPOS="1373"/>
            <String HEIGHT="59" WIDTH="146" VPOS="2117" HPOS="1311" CONTENT="est" ID="tl_40_11" STYLEREFS="FONT0"/>
            <SP HEIGHT="59" WIDTH="21" VPOS="2117" HPOS="1456"/>
            <String HEIGHT="59" WIDTH="125" VPOS="2117" HPOS="1373" CONTENT="dit:" ID="tl_40_12" STYLEREFS="FONT0"/>
          </TextLine>
          <TextLine ID="tl_41" BASELINE="2219" HEIGHT="48" WIDTH="1378" VPOS="2171" HPOS="122">
            <String HEIGHT="48" WIDTH="345" VPOS="2171" HPOS="103" CONTENT="Considérant" ID="tl_41_1" STYLEREFS="FONT2"/>
            <SP HEIGHT="48" WIDTH="19" VPOS="2171" HPOS="447"/>
            <String HEIGHT="48" WIDTH="134" VPOS="2171" HPOS="390" CONTENT="que" ID="tl_41_2" STYLEREFS="FONT2"/>
            <SP HEIGHT="48" WIDTH="19" VPOS="2171" HPOS="524"/>
            <String HEIGHT="48" WIDTH="325" VPOS="2171" HPOS="467" CONTENT="l’inculpation" ID="tl_41_3" STYLEREFS="FONT2"/>
            <SP HEIGHT="48" WIDTH="19" VPOS="2171" HPOS="792"/>
            <String HEIGHT="48" WIDTH="191" VPOS="2171" HPOS="734" CONTENT="portée" ID="tl_41_4" STYLEREFS="FONT2"/>
            <SP HEIGHT="48" WIDTH="19" VPOS="2171" HPOS="926"/>
            <String HEIGHT="48" WIDTH="134" VPOS="2171" HPOS="868" CONTENT="par" ID="tl_41_5" STYLEREFS="FONT2"/>
            <SP HEIGHT="48" WIDTH="19" VPOS="2171" HPOS="1002"/>
            <String HEIGHT="48" WIDTH="115" VPOS="2171" HPOS="945" CONTENT="le" ID="tl_41_6" STYLEREFS="FONT2"/>
            <SP HEIGHT="48" WIDTH="19" VPOS="2171" HPOS="1060"/>
            <String HEIGHT="48" WIDTH="211" VPOS="2171" HPOS="1002" CONTENT="citoyen" ID="tl_41_7" STYLEREFS="FONT2"/>
            <SP HEIGHT="48" WIDTH="19" VPOS="2171" HPOS="1213"/>
            <String HEIGHT="48" WIDTH="191" VPOS="2171" HPOS="1156" CONTENT="Simon," ID="tl_41_8" STYLEREFS="FONT2"/>
            <SP HEIGHT="48" WIDTH="19" VPOS="2171" HPOS="1347"/>
            <String HEIGHT="48" WIDTH="230" VPOS="2171" HPOS="1270" CONTENT="repré" ID="tl_41_9" STYLEREFS="FONT2"/>
          </TextLine>
          <TextLine ID="tl_42" BASELINE="2302" HEIGHT="87" WIDTH="1383" VPOS="2215" HPOS="119">
            <String HEIGHT="87" WIDTH="262" VPOS="2215" HPOS="100" CONTENT="sentant" ID="tl_42_1" STYLEREFS="FONT2"/>
            <SP HEIGHT="87" WIDTH="19" VPOS="2215" HPOS="362"/>
            <String HEIGHT="87" WIDTH="112" VPOS="2215" HPOS="306" CONTENT="du" ID="tl_42_2" STYLEREFS="FONT2"/>
            <SP HEIGHT="87" WIDTH="19" VPOS="2215" HPOS="418"/>
            <String HEIGHT="87" WIDTH="206" VPOS="2215" HPOS="362" CONTENT="peuple," ID="tl_42_3" STYLEREFS="FONT2"/>
            <SP HEIGHT="87" WIDTH="19" VPOS="2215" HPOS="568"/>
            <String HEIGHT="87" WIDTH="187" VPOS="2215" HPOS="511" CONTENT="contre" ID="tl_42_4" STYLEREFS="FONT2"/>
            <SP HEIGHT="87" WIDTH="19" VPOS="2215" HPOS="698"/>
            <String HEIGHT="87" WIDTH="243" VPOS="2215" HPOS="642" CONTENT="Santerre," ID="tl_42_5" STYLEREFS="FONT2"/>
            <SP HEIGHT="87" WIDTH="19" VPOS="2215" HPOS="885"/>
            <String HEIGHT="87" WIDTH="112" VPOS="2215" HPOS="829" CONTENT="en" ID="tl_42_6" STYLEREFS="FONT2"/>
            <SP HEIGHT="87" WIDTH="19" VPOS="2215" HPOS="941"/>
            <String HEIGHT="87" WIDTH="112" VPOS="2215" HPOS="885" CONTENT="le" ID="tl_42_7" STYLEREFS="FONT2"/>
            <SP HEIGHT="87" WIDTH="19" VPOS="2215" HPOS="997"/>
            <String HEIGHT="87" WIDTH="262" VPOS="2215" HPOS="941" CONTENT="qualifiant" ID="tl_42_8" STYLEREFS="FONT2"/>
            <SP HEIGHT="87" WIDTH="19" VPOS="2215" HPOS="1203"/>
            <String HEIGHT="87" WIDTH="112" VPOS="2215" HPOS="1147" CONTENT="de" ID="tl_42_9" STYLEREFS="FONT2"/>
            <SP HEIGHT="87" WIDTH="19" VPOS="2215" HPOS="1259"/>
            <String HEIGHT="87" WIDTH="206" VPOS="2215" HPOS="1203" CONTENT="général" ID="tl_42_10" STYLEREFS="FONT2"/>
            <SP HEIGHT="87" WIDTH="19" VPOS="2215" HPOS="1409"/>
            <String HEIGHT="87" WIDTH="168" VPOS="2215" HPOS="1334" CONTENT="im" ID="tl_42_11" STYLEREFS="FONT2"/>
          </TextLine>
        </TextBlock>
        <TextBlock ID="r_1_18" HEIGHT="50" WIDTH="1363" VPOS="2276" HPOS="130">
          <TextLine ID="tl_43" BASELINE="2330" HEIGHT="62" WIDTH="1379" VPOS="2268" HPOS="122">
            <String HEIGHT="62" WIDTH="304" VPOS="2268" HPOS="104" CONTENT="bécille..." ID="tl_43_1" STYLEREFS="FONT2"/>
            <SP HEIGHT="62" WIDTH="18" VPOS="2268" HPOS="409"/>
            <String HEIGHT="62" WIDTH="161" VPOS="2268" HPOS="355" CONTENT="n’est" ID="tl_43_2" STYLEREFS="FONT2"/>
            <SP HEIGHT="62" WIDTH="18" VPOS="2268" HPOS="516"/>
            <String HEIGHT="62" WIDTH="161" VPOS="2268" HPOS="462" CONTENT="point" ID="tl_43_3" STYLEREFS="FONT2"/>
            <SP HEIGHT="62" WIDTH="18" VPOS="2268" HPOS="623"/>
            <String HEIGHT="62" WIDTH="161" VPOS="2268" HPOS="570" CONTENT="prévu" ID="tl_43_4" STYLEREFS="FONT2"/>
            <SP HEIGHT="62" WIDTH="18" VPOS="2268" HPOS="731"/>
            <String HEIGHT="62" WIDTH="125" VPOS="2268" HPOS="677" CONTENT="par" ID="tl_43_5" STYLEREFS="FONT2"/>
            <SP HEIGHT="62" WIDTH="18" VPOS="2268" HPOS="803"/>
            <String HEIGHT="62" WIDTH="107" VPOS="2268" HPOS="749" CONTENT="le" ID="tl_43_6" STYLEREFS="FONT2"/>
            <SP HEIGHT="62" WIDTH="18" VPOS="2268" HPOS="856"/>
            <String HEIGHT="62" WIDTH="143" VPOS="2268" HPOS="803" CONTENT="Code" ID="tl_43_7" STYLEREFS="FONT2"/>
            <SP HEIGHT="62" WIDTH="18" VPOS="2268" HPOS="946"/>
            <String HEIGHT="62" WIDTH="161" VPOS="2268" HPOS="892" CONTENT="pénal" ID="tl_43_8" STYLEREFS="FONT2"/>
            <SP HEIGHT="62" WIDTH="18" VPOS="2268" HPOS="1053"/>
            <String HEIGHT="62" WIDTH="322" VPOS="2268" HPOS="1000" CONTENT="militaire" ID="tl_43_9" STYLEREFS="FONT2"/>
            <SP HEIGHT="62" WIDTH="18" VPOS="2268" HPOS="1322"/>
            <String HEIGHT="62" WIDTH="215" VPOS="2268" HPOS="1268" CONTENT="etc....." ID="tl_43_10" STYLEREFS="FONT0"/>
            <SP HEIGHT="62" WIDTH="18" VPOS="2268" HPOS="1483"/>
            <String HEIGHT="62" WIDTH="90" VPOS="2268" HPOS="1411" CONTENT="Ces" ID="tl_43_11" STYLEREFS="FONT0"/>
          </TextLine>
        </TextBlock>
        <TextBlock ID="r_1_19" HEIGHT="134" WIDTH="1365" VPOS="2324" HPOS="128">
          <TextLine ID="tl_44" BASELINE="2382" HEIGHT="52" WIDTH="1377" VPOS="2330" HPOS="123">
            <String HEIGHT="52" WIDTH="206" VPOS="2330" HPOS="102" CONTENT="pièces" ID="tl_44_1" STYLEREFS="FONT0"/>
            <SP HEIGHT="52" WIDTH="21" VPOS="2330" HPOS="308"/>
            <String HEIGHT="52" WIDTH="164" VPOS="2330" HPOS="246" CONTENT="sont" ID="tl_44_2" STYLEREFS="FONT0"/>
            <SP HEIGHT="52" WIDTH="21" VPOS="2330" HPOS="411"/>
            <String HEIGHT="52" WIDTH="226" VPOS="2330" HPOS="349" CONTENT="signées" ID="tl_44_3" STYLEREFS="FONT0"/>
            <SP HEIGHT="52" WIDTH="21" VPOS="2330" HPOS="575"/>
            <String HEIGHT="52" WIDTH="144" VPOS="2330" HPOS="513" CONTENT="par" ID="tl_44_4" STYLEREFS="FONT0"/>
            <SP HEIGHT="52" WIDTH="21" VPOS="2330" HPOS="657"/>
            <String HEIGHT="52" WIDTH="267" VPOS="2330" HPOS="596" CONTENT="Santerre," ID="tl_44_5" STYLEREFS="FONT0"/>
            <SP HEIGHT="52" WIDTH="21" VPOS="2330" HPOS="863"/>
            <String HEIGHT="52" WIDTH="226" VPOS="2330" HPOS="801" CONTENT="Rivail," ID="tl_44_6" STYLEREFS="FONT0"/>
            <SP HEIGHT="52" WIDTH="21" VPOS="2330" HPOS="1027"/>
            <String HEIGHT="52" WIDTH="226" VPOS="2330" HPOS="966" CONTENT="Sibuel," ID="tl_44_7" STYLEREFS="FONT0"/>
            <SP HEIGHT="52" WIDTH="21" VPOS="2330" HPOS="1192"/>
            <String HEIGHT="52" WIDTH="185" VPOS="2330" HPOS="1130" CONTENT="etc.," ID="tl_44_8" STYLEREFS="FONT0"/>
            <SP HEIGHT="52" WIDTH="21" VPOS="2330" HPOS="1315"/>
            <String HEIGHT="52" WIDTH="123" VPOS="2330" HPOS="1253" CONTENT="et" ID="tl_44_9" STYLEREFS="FONT0"/>
            <SP HEIGHT="52" WIDTH="21" VPOS="2330" HPOS="1377"/>
            <String HEIGHT="52" WIDTH="164" VPOS="2330" HPOS="1315" CONTENT="sont" ID="tl_44_10" STYLEREFS="FONT0"/>
            <SP HEIGHT="52" WIDTH="21" VPOS="2330" HPOS="1479"/>
            <String HEIGHT="52" WIDTH="103" VPOS="2330" HPOS="1397" CONTENT="ac" SUBS_TYPE="HypPart1" SUBS_CONTENT="accompagnées" ID="tl_44_11" STYLEREFS="FONT0"/>
            <HYP CONTENT="-"/>
          </TextLine>
          <TextLine ID="tl_45" BASELINE="2438" HEIGHT="69" WIDTH="1380" VPOS="2369" HPOS="121">
            <String HEIGHT="69" WIDTH="297" VPOS="2369" HPOS="100" CONTENT="compagnées" SUBS_TYPE="HypPart2" SUBS_CONTENT="accompagnées" ID="tl_45_1" STYLEREFS="FONT0"/>
            <SP HEIGHT="69" WIDTH="21" VPOS="2369" HPOS="397"/>
            <String HEIGHT="69" WIDTH="127" VPOS="2369" HPOS="333" CONTENT="de" ID="tl_45_2" STYLEREFS="FONT0"/>
            <SP HEIGHT="69" WIDTH="21" VPOS="2369" HPOS="461"/>
            <String HEIGHT="69" WIDTH="276" VPOS="2369" HPOS="397" CONTENT="plusieurs" ID="tl_45_3" STYLEREFS="FONT0"/>
            <SP HEIGHT="69" WIDTH="21" VPOS="2369" HPOS="673"/>
            <String HEIGHT="69" WIDTH="234" VPOS="2369" HPOS="609" CONTENT="lettres" ID="tl_45_4" STYLEREFS="FONT0"/>
            <SP HEIGHT="69" WIDTH="21" VPOS="2369" HPOS="843"/>
            <String HEIGHT="69" WIDTH="127" VPOS="2369" HPOS="779" CONTENT="du" ID="tl_45_5" STYLEREFS="FONT0"/>
            <SP HEIGHT="69" WIDTH="21" VPOS="2369" HPOS="907"/>
            <String HEIGHT="69" WIDTH="234" VPOS="2369" HPOS="843" CONTENT="général" ID="tl_45_6" STYLEREFS="FONT0"/>
            <SP HEIGHT="69" WIDTH="21" VPOS="2369" HPOS="1076"/>
            <String HEIGHT="69" WIDTH="276" VPOS="2369" HPOS="1013" CONTENT="Lajolais." ID="tl_45_7" STYLEREFS="FONT0"/>
            <SP HEIGHT="69" WIDTH="21" VPOS="2369" HPOS="1289"/>
            <String HEIGHT="69" WIDTH="297" VPOS="2369" HPOS="1204" CONTENT="Très" ID="tl_45_8" STYLEREFS="FONT0"/>
          </TextLine>
          <TextLine ID="tl_46" BASELINE="2464" HEIGHT="53" WIDTH="1374" VPOS="2411" HPOS="121">
            <String HEIGHT="53" WIDTH="1268" VPOS="2411" HPOS="15" CONTENT="dossier." ID="tl_46_1" STYLEREFS="FONT0"/>
            <SP HEIGHT="53" WIDTH="106" VPOS="2411" HPOS="1284"/>
            <String HEIGHT="53" WIDTH="634" VPOS="2411" HPOS="967" CONTENT="12" ID="tl_46_2" STYLEREFS="FONT0"/>
            <SP HEIGHT="53" WIDTH="106" VPOS="2411" HPOS="1601"/>
            <String HEIGHT="53" WIDTH="317" VPOS="2411" HPOS="1178" CONTENT="»" ID="tl_46_3" STYLEREFS="FONT0"/>
          </TextLine>
        </TextBlock>
        <TextBlock ID="r_1_20" HEIGHT="50" WIDTH="1412" VPOS="2467" HPOS="82">
          <TextLine ID="tl_47" BASELINE="2523" HEIGHT="68" WIDTH="1428" VPOS="2455" HPOS="74">
            <String HEIGHT="68" WIDTH="192" VPOS="2455" HPOS="53" CONTENT="3115." ID="tl_47_1" STYLEREFS="FONT0"/>
            <SP HEIGHT="68" WIDTH="21" VPOS="2455" HPOS="245"/>
            <String HEIGHT="68" WIDTH="341" VPOS="2455" HPOS="181" CONTENT="Ségur" ID="tl_47_2" STYLEREFS="FONT1"/>
            <SP HEIGHT="68" WIDTH="21" VPOS="2455" HPOS="522"/>
            <String HEIGHT="68" WIDTH="426" VPOS="2455" HPOS="458" CONTENT="(Louis-Philippe," ID="tl_47_3" STYLEREFS="FONT0"/>
            <SP HEIGHT="68" WIDTH="21" VPOS="2455" HPOS="884"/>
            <String HEIGHT="68" WIDTH="192" VPOS="2455" HPOS="820" CONTENT="comte" ID="tl_47_4" STYLEREFS="FONT0"/>
            <SP HEIGHT="68" WIDTH="21" VPOS="2455" HPOS="1012"/>
            <String HEIGHT="68" WIDTH="171" VPOS="2455" HPOS="948" CONTENT="de)," ID="tl_47_5" STYLEREFS="FONT0"/>
            <SP HEIGHT="68" WIDTH="21" VPOS="2455" HPOS="1118"/>
            <String HEIGHT="68" WIDTH="298" VPOS="2455" HPOS="1054" CONTENT="historien," ID="tl_47_6" STYLEREFS="FONT0"/>
            <SP HEIGHT="68" WIDTH="21" VPOS="2455" HPOS="1353"/>
            <String HEIGHT="68" WIDTH="213" VPOS="2455" HPOS="1289" CONTENT="membre" ID="tl_47_7" STYLEREFS="FONT0"/>
            <SP HEIGHT="68" WIDTH="21" VPOS="2455" HPOS="1502"/>
            <String HEIGHT="68" WIDTH="85" VPOS="2455" HPOS="1417" CONTENT="de" ID="tl_47_8" STYLEREFS="FONT0"/>
          </TextLine>
        </TextBlock>
        <TextBlock ID="r_1_21" HEIGHT="94" WIDTH="1362" VPOS="2516" HPOS="129">
          <TextLine ID="tl_48" BASELINE="2587" HEIGHT="79" WIDTH="1376" VPOS="2508" HPOS="123">
            <String HEIGHT="79" WIDTH="279" VPOS="2508" HPOS="103" CONTENT="l’académie" ID="tl_48_1" STYLEREFS="FONT0"/>
            <SP HEIGHT="79" WIDTH="20" VPOS="2508" HPOS="382"/>
            <String HEIGHT="79" WIDTH="279" VPOS="2508" HPOS="322" CONTENT="française." ID="tl_48_2" STYLEREFS="FONT0"/>
            <SP HEIGHT="79" WIDTH="20" VPOS="2508" HPOS="602"/>
            <String HEIGHT="79" WIDTH="120" VPOS="2508" HPOS="542" CONTENT="L." ID="tl_48_3" STYLEREFS="FONT0"/>
            <SP HEIGHT="79" WIDTH="20" VPOS="2508" HPOS="661"/>
            <String HEIGHT="79" WIDTH="160" VPOS="2508" HPOS="602" CONTENT="aut." ID="tl_48_4" STYLEREFS="FONT0"/>
            <SP HEIGHT="79" WIDTH="20" VPOS="2508" HPOS="761"/>
            <String HEIGHT="79" WIDTH="179" VPOS="2508" HPOS="701" CONTENT="sig.," ID="tl_48_5" STYLEREFS="FONT0"/>
            <SP HEIGHT="79" WIDTH="20" VPOS="2508" HPOS="881"/>
            <String HEIGHT="79" WIDTH="120" VPOS="2508" HPOS="821" CONTENT="au" ID="tl_48_6" STYLEREFS="FONT0"/>
            <SP HEIGHT="79" WIDTH="20" VPOS="2508" HPOS="941"/>
            <String HEIGHT="79" WIDTH="299" VPOS="2508" HPOS="881" CONTENT="citoyen...." ID="tl_48_7" STYLEREFS="FONT0"/>
            <SP HEIGHT="79" WIDTH="20" VPOS="2508" HPOS="1180"/>
            <String HEIGHT="79" WIDTH="199" VPOS="2508" HPOS="1120" CONTENT="Paris," ID="tl_48_8" STYLEREFS="FONT0"/>
            <SP HEIGHT="79" WIDTH="20" VPOS="2508" HPOS="1320"/>
            <String HEIGHT="79" WIDTH="120" VPOS="2508" HPOS="1260" CONTENT="25" ID="tl_48_9" STYLEREFS="FONT0"/>
            <SP HEIGHT="79" WIDTH="20" VPOS="2508" HPOS="1379"/>
            <String HEIGHT="79" WIDTH="199" VPOS="2508" HPOS="1300" CONTENT="praiaial" ID="tl_48_10" STYLEREFS="FONT0"/>
          </TextLine>
          <TextLine ID="tl_49" BASELINE="2624" HEIGHT="62" WIDTH="1377" VPOS="2562" HPOS="122">
            <String HEIGHT="62" WIDTH="318" VPOS="2562" HPOS="69" CONTENT="an" ID="tl_49_1" STYLEREFS="FONT0"/>
            <SP HEIGHT="62" WIDTH="53" VPOS="2562" HPOS="387"/>
            <String HEIGHT="62" WIDTH="424" VPOS="2562" HPOS="228" CONTENT="III." ID="tl_49_2" STYLEREFS="FONT0"/>
            <SP HEIGHT="62" WIDTH="53" VPOS="2562" HPOS="652"/>
            <String HEIGHT="62" WIDTH="265" VPOS="2562" HPOS="493" CONTENT="1" ID="tl_49_3" STYLEREFS="FONT0"/>
            <SP HEIGHT="62" WIDTH="53" VPOS="2562" HPOS="758"/>
            <String HEIGHT="62" WIDTH="318" VPOS="2562" HPOS="599" CONTENT="p." ID="tl_49_4" STYLEREFS="FONT0"/>
            <SP HEIGHT="62" WIDTH="53" VPOS="2562" HPOS="916"/>
            <String HEIGHT="62" WIDTH="371" VPOS="2562" HPOS="758" CONTENT="pl." ID="tl_49_5" STYLEREFS="FONT0"/>
            <SP HEIGHT="62" WIDTH="53" VPOS="2562" HPOS="1128"/>
            <String HEIGHT="62" WIDTH="477" VPOS="2562" HPOS="969" CONTENT="in-4." ID="tl_49_6" STYLEREFS="FONT0"/>
            <SP HEIGHT="62" WIDTH="53" VPOS="2562" HPOS="1446"/>
            <String HEIGHT="62" WIDTH="265" VPOS="2562" HPOS="1287" CONTENT="3" ID="tl_49_7" STYLEREFS="FONT0"/>
            <SP HEIGHT="62" WIDTH="53" VPOS="2562" HPOS="1552"/>
            <String HEIGHT="62" WIDTH="159" VPOS="2562" HPOS="1340" CONTENT="»" ID="tl_49_8" STYLEREFS="FONT0"/>
          </TextLine>
        </TextBlock>
        <TextBlock ID="r_1_22" HEIGHT="98" WIDTH="1412" VPOS="2610" HPOS="82">
          <TextLine ID="tl_50" BASELINE="2676" HEIGHT="81" WIDTH="1427" VPOS="2595" HPOS="74">
            <String HEIGHT="81" WIDTH="161" VPOS="2595" HPOS="56" CONTENT="3116." ID="tl_50_1" STYLEREFS="FONT0"/>
            <SP HEIGHT="81" WIDTH="18" VPOS="2595" HPOS="217"/>
            <String HEIGHT="81" WIDTH="285" VPOS="2595" HPOS="163" CONTENT="Ségur" ID="tl_50_2" STYLEREFS="FONT1"/>
            <SP HEIGHT="81" WIDTH="18" VPOS="2595" HPOS="449"/>
            <String HEIGHT="81" WIDTH="125" VPOS="2595" HPOS="395" CONTENT="(le" ID="tl_50_3" STYLEREFS="FONT0"/>
            <SP HEIGHT="81" WIDTH="18" VPOS="2595" HPOS="520"/>
            <String HEIGHT="81" WIDTH="196" VPOS="2595" HPOS="466" CONTENT="général" ID="tl_50_4" STYLEREFS="FONT0"/>
            <SP HEIGHT="81" WIDTH="18" VPOS="2595" HPOS="663"/>
            <String HEIGHT="81" WIDTH="303" VPOS="2595" HPOS="609" CONTENT="Paul-Philippe" ID="tl_50_5" STYLEREFS="FONT0"/>
            <SP HEIGHT="81" WIDTH="18" VPOS="2595" HPOS="912"/>
            <String HEIGHT="81" WIDTH="143" VPOS="2595" HPOS="859" CONTENT="de)," ID="tl_50_6" STYLEREFS="FONT0"/>
            <SP HEIGHT="81" WIDTH="18" VPOS="2595" HPOS="1002"/>
            <String HEIGHT="81" WIDTH="178" VPOS="2595" HPOS="948" CONTENT="auteur" ID="tl_50_7" STYLEREFS="FONT0"/>
            <SP HEIGHT="81" WIDTH="18" VPOS="2595" HPOS="1126"/>
            <String HEIGHT="81" WIDTH="107" VPOS="2595" HPOS="1073" CONTENT="de" ID="tl_50_8" STYLEREFS="FONT0"/>
            <SP HEIGHT="81" WIDTH="18" VPOS="2595" HPOS="1180"/>
            <String HEIGHT="81" WIDTH="303" VPOS="2595" HPOS="1126" CONTENT="l'Histoire" ID="tl_50_9" STYLEREFS="FONT2"/>
            <SP HEIGHT="81" WIDTH="18" VPOS="2595" HPOS="1430"/>
            <String HEIGHT="81" WIDTH="143" VPOS="2595" HPOS="1358" CONTENT="de" ID="tl_50_10" STYLEREFS="FONT2"/>
          </TextLine>
          <TextLine ID="tl_51" BASELINE="2708" HEIGHT="60" WIDTH="1378" VPOS="2648" HPOS="120">
            <String HEIGHT="60" WIDTH="165" VPOS="2648" HPOS="102" CONTENT="la" ID="tl_51_1" STYLEREFS="FONT2"/>
            <SP HEIGHT="60" WIDTH="18" VPOS="2648" HPOS="267"/>
            <String HEIGHT="60" WIDTH="184" VPOS="2648" HPOS="212" CONTENT="grande" ID="tl_51_2" STYLEREFS="FONT2"/>
            <SP HEIGHT="60" WIDTH="18" VPOS="2648" HPOS="396"/>
            <String HEIGHT="60" WIDTH="165" VPOS="2648" HPOS="340" CONTENT="armée" ID="tl_51_3" STYLEREFS="FONT2"/>
            <SP HEIGHT="60" WIDTH="18" VPOS="2648" HPOS="506"/>
            <String HEIGHT="60" WIDTH="184" VPOS="2648" HPOS="451" CONTENT="en" ID="tl_51_4" STYLEREFS="FONT2"/>
            <SP HEIGHT="60" WIDTH="18" VPOS="2648" HPOS="634"/>
            <String HEIGHT="60" WIDTH="165" VPOS="2648" HPOS="579" CONTENT="1812." ID="tl_51_5" STYLEREFS="FONT0"/>
            <SP HEIGHT="60" WIDTH="18" VPOS="2648" HPOS="745"/>
            <String HEIGHT="60" WIDTH="110" VPOS="2648" HPOS="690" CONTENT="L." ID="tl_51_6" STYLEREFS="FONT0"/>
            <SP HEIGHT="60" WIDTH="18" VPOS="2648" HPOS="800"/>
            <String HEIGHT="60" WIDTH="110" VPOS="2648" HPOS="745" CONTENT="a." ID="tl_51_7" STYLEREFS="FONT0"/>
            <SP HEIGHT="60" WIDTH="18" VPOS="2648" HPOS="855"/>
            <String HEIGHT="60" WIDTH="110" VPOS="2648" HPOS="800" CONTENT="s." ID="tl_51_8" STYLEREFS="FONT0"/>
            <SP HEIGHT="60" WIDTH="18" VPOS="2648" HPOS="910"/>
            <String HEIGHT="60" WIDTH="110" VPOS="2648" HPOS="855" CONTENT="12" ID="tl_51_9" STYLEREFS="FONT0"/>
            <SP HEIGHT="60" WIDTH="18" VPOS="2648" HPOS="965"/>
            <String HEIGHT="60" WIDTH="184" VPOS="2648" HPOS="910" CONTENT="janver" ID="tl_51_10" STYLEREFS="FONT0"/>
            <SP HEIGHT="60" WIDTH="18" VPOS="2648" HPOS="1094"/>
            <String HEIGHT="60" WIDTH="165" VPOS="2648" HPOS="1039" CONTENT="1837." ID="tl_51_11" STYLEREFS="FONT0"/>
            <SP HEIGHT="60" WIDTH="18" VPOS="2648" HPOS="1204"/>
            <String HEIGHT="60" WIDTH="92" VPOS="2648" HPOS="1149" CONTENT="1" ID="tl_51_12" STYLEREFS="FONT0"/>
            <SP HEIGHT="60" WIDTH="18" VPOS="2648" HPOS="1241"/>
            <String HEIGHT="60" WIDTH="110" VPOS="2648" HPOS="1186" CONTENT="p." ID="tl_51_13" STYLEREFS="FONT0"/>
            <SP HEIGHT="60" WIDTH="18" VPOS="2648" HPOS="1296"/>
            <String HEIGHT="60" WIDTH="129" VPOS="2648" HPOS="1241" CONTENT="pl." ID="tl_51_14" STYLEREFS="FONT0"/>
            <SP HEIGHT="60" WIDTH="18" VPOS="2648" HPOS="1369"/>
            <String HEIGHT="60" WIDTH="165" VPOS="2648" HPOS="1314" CONTENT="in-8." ID="tl_51_15" STYLEREFS="FONT0"/>
            <SP HEIGHT="60" WIDTH="18" VPOS="2648" HPOS="1480"/>
            <String HEIGHT="60" WIDTH="92" VPOS="2648" HPOS="1425" CONTENT="2" ID="tl_51_16" STYLEREFS="FONT0"/>
            <SP HEIGHT="60" WIDTH="18" VPOS="2648" HPOS="1516"/>
            <String HEIGHT="60" WIDTH="55" VPOS="2648" HPOS="1443" CONTENT="»" ID="tl_51_17" STYLEREFS="FONT0"/>
          </TextLine>
        </TextBlock>
        <TextBlock ID="r_1_23" HEIGHT="50" WIDTH="1410" VPOS="2706" HPOS="81">
          <TextLine ID="tl_52" BASELINE="2786" HEIGHT="96" WIDTH="1427" VPOS="2690" HPOS="72">
            <String HEIGHT="96" WIDTH="189" VPOS="2690" HPOS="51" CONTENT="3117." ID="tl_52_1" STYLEREFS="FONT0"/>
            <SP HEIGHT="96" WIDTH="21" VPOS="2690" HPOS="240"/>
            <String HEIGHT="96" WIDTH="399" VPOS="2690" HPOS="177" CONTENT="Sénonnes" ID="tl_52_2" STYLEREFS="FONT1"/>
            <SP HEIGHT="96" WIDTH="21" VPOS="2690" HPOS="576"/>
            <String HEIGHT="96" WIDTH="147" VPOS="2690" HPOS="513" CONTENT="(A." ID="tl_52_3" STYLEREFS="FONT0"/>
            <SP HEIGHT="96" WIDTH="21" VPOS="2690" HPOS="660"/>
            <String HEIGHT="96" WIDTH="168" VPOS="2690" HPOS="597" CONTENT="de)," ID="tl_52_4" STYLEREFS="FONT0"/>
            <SP HEIGHT="96" WIDTH="21" VPOS="2690" HPOS="765"/>
            <String HEIGHT="96" WIDTH="231" VPOS="2690" HPOS="702" CONTENT="savant," ID="tl_52_5" STYLEREFS="FONT0"/>
            <SP HEIGHT="96" WIDTH="21" VPOS="2690" HPOS="932"/>
            <String HEIGHT="96" WIDTH="210" VPOS="2690" HPOS="869" CONTENT="membre" ID="tl_52_6" STYLEREFS="FONT0"/>
            <SP HEIGHT="96" WIDTH="21" VPOS="2690" HPOS="1079"/>
            <String HEIGHT="96" WIDTH="126" VPOS="2690" HPOS="1016" CONTENT="de" ID="tl_52_7" STYLEREFS="FONT0"/>
            <SP HEIGHT="96" WIDTH="21" VPOS="2690" HPOS="1142"/>
            <String HEIGHT="96" WIDTH="315" VPOS="2690" HPOS="1079" CONTENT="l’institut." ID="tl_52_8" STYLEREFS="FONT0"/>
            <SP HEIGHT="96" WIDTH="21" VPOS="2690" HPOS="1394"/>
            <String HEIGHT="96" WIDTH="126" VPOS="2690" HPOS="1331" CONTENT="L." ID="tl_52_9" STYLEREFS="FONT0"/>
            <SP HEIGHT="96" WIDTH="21" VPOS="2690" HPOS="1457"/>
            <String HEIGHT="96" WIDTH="126" VPOS="2690" HPOS="1373" CONTENT="aut." ID="tl_52_10" STYLEREFS="FONT0"/>
          </TextLine>
        </TextBlock>
        <TextBlock ID="r_1_24" HEIGHT="51" WIDTH="1363" VPOS="2754" HPOS="128">
          <TextLine ID="tl_53" BASELINE="2824" HEIGHT="78" WIDTH="1378" VPOS="2746" HPOS="120">
            <String HEIGHT="78" WIDTH="288" VPOS="2746" HPOS="88" CONTENT="sig.," ID="tl_53_1" STYLEREFS="FONT0"/>
            <SP HEIGHT="78" WIDTH="32" VPOS="2746" HPOS="376"/>
            <String HEIGHT="78" WIDTH="160" VPOS="2746" HPOS="280" CONTENT="à" ID="tl_53_2" STYLEREFS="FONT0"/>
            <SP HEIGHT="78" WIDTH="32" VPOS="2746" HPOS="440"/>
            <String HEIGHT="78" WIDTH="192" VPOS="2746" HPOS="344" CONTENT="M." ID="tl_53_3" STYLEREFS="FONT0"/>
            <SP HEIGHT="78" WIDTH="32" VPOS="2746" HPOS="537"/>
            <String HEIGHT="78" WIDTH="385" VPOS="2746" HPOS="440" CONTENT="Blondel." ID="tl_53_4" STYLEREFS="FONT0"/>
            <SP HEIGHT="78" WIDTH="32" VPOS="2746" HPOS="825"/>
            <String HEIGHT="78" WIDTH="192" VPOS="2746" HPOS="729" CONTENT="15" ID="tl_53_5" STYLEREFS="FONT0"/>
            <SP HEIGHT="78" WIDTH="32" VPOS="2746" HPOS="921"/>
            <String HEIGHT="78" WIDTH="256" VPOS="2746" HPOS="825" CONTENT="mai." ID="tl_53_6" STYLEREFS="FONT0"/>
            <SP HEIGHT="78" WIDTH="32" VPOS="2746" HPOS="1081"/>
            <String HEIGHT="78" WIDTH="160" VPOS="2746" HPOS="985" CONTENT="1" ID="tl_53_7" STYLEREFS="FONT0"/>
            <SP HEIGHT="78" WIDTH="32" VPOS="2746" HPOS="1145"/>
            <String HEIGHT="78" WIDTH="192" VPOS="2746" HPOS="1049" CONTENT="p." ID="tl_53_8" STYLEREFS="FONT0"/>
            <SP HEIGHT="78" WIDTH="32" VPOS="2746" HPOS="1242"/>
            <String HEIGHT="78" WIDTH="288" VPOS="2746" HPOS="1145" CONTENT="in-8." ID="tl_53_9" STYLEREFS="FONT0"/>
            <SP HEIGHT="78" WIDTH="32" VPOS="2746" HPOS="1434"/>
            <String HEIGHT="78" WIDTH="160" VPOS="2746" HPOS="1338" CONTENT="4" ID="tl_53_10" STYLEREFS="FONT0"/>
            <SP HEIGHT="78" WIDTH="32" VPOS="2746" HPOS="1498"/>
            <String HEIGHT="78" WIDTH="128" VPOS="2746" HPOS="1370" CONTENT="50" ID="tl_53_11" STYLEREFS="FONT0"/>
          </TextLine>
        </TextBlock>
        <TextBlock ID="r_1_25" HEIGHT="99" WIDTH="1409" VPOS="2802" HPOS="82">
          <TextLine ID="tl_54" BASELINE="2858" HEIGHT="81" WIDTH="1425" VPOS="2777" HPOS="74">
            <String HEIGHT="81" WIDTH="183" VPOS="2777" HPOS="54" CONTENT="3118." ID="tl_54_1" STYLEREFS="FONT0"/>
            <SP HEIGHT="81" WIDTH="20" VPOS="2777" HPOS="237"/>
            <String HEIGHT="81" WIDTH="346" VPOS="2777" HPOS="176" CONTENT="Serres" ID="tl_54_2" STYLEREFS="FONT1"/>
            <SP HEIGHT="81" WIDTH="20" VPOS="2777" HPOS="522"/>
            <String HEIGHT="81" WIDTH="224" VPOS="2777" HPOS="461" CONTENT="(Marcel" ID="tl_54_3" STYLEREFS="FONT0"/>
            <SP HEIGHT="81" WIDTH="20" VPOS="2777" HPOS="685"/>
            <String HEIGHT="81" WIDTH="163" VPOS="2777" HPOS="624" CONTENT="de)," ID="tl_54_4" STYLEREFS="FONT0"/>
            <SP HEIGHT="81" WIDTH="20" VPOS="2777" HPOS="787"/>
            <String HEIGHT="81" WIDTH="265" VPOS="2777" HPOS="725" CONTENT="géologue." ID="tl_54_5" STYLEREFS="FONT0"/>
            <SP HEIGHT="81" WIDTH="20" VPOS="2777" HPOS="990"/>
            <String HEIGHT="81" WIDTH="122" VPOS="2777" HPOS="929" CONTENT="1°" ID="tl_54_6" STYLEREFS="FONT0"/>
            <SP HEIGHT="81" WIDTH="20" VPOS="2777" HPOS="1051"/>
            <String HEIGHT="81" WIDTH="122" VPOS="2777" HPOS="990" CONTENT="L." ID="tl_54_7" STYLEREFS="FONT0"/>
            <SP HEIGHT="81" WIDTH="20" VPOS="2777" HPOS="1112"/>
            <String HEIGHT="81" WIDTH="163" VPOS="2777" HPOS="1051" CONTENT="aut." ID="tl_54_8" STYLEREFS="FONT0"/>
            <SP HEIGHT="81" WIDTH="20" VPOS="2777" HPOS="1214"/>
            <String HEIGHT="81" WIDTH="183" VPOS="2777" HPOS="1153" CONTENT="sig.," ID="tl_54_9" STYLEREFS="FONT0"/>
            <SP HEIGHT="81" WIDTH="20" VPOS="2777" HPOS="1336"/>
            <String HEIGHT="81" WIDTH="102" VPOS="2777" HPOS="1275" CONTENT="à" ID="tl_54_10" STYLEREFS="FONT0"/>
            <SP HEIGHT="81" WIDTH="20" VPOS="2777" HPOS="1377"/>
            <String HEIGHT="81" WIDTH="122" VPOS="2777" HPOS="1316" CONTENT="M." ID="tl_54_11" STYLEREFS="FONT0"/>
            <SP HEIGHT="81" WIDTH="20" VPOS="2777" HPOS="1438"/>
            <String HEIGHT="81" WIDTH="143" VPOS="2777" HPOS="1357" CONTENT="Huot," ID="tl_54_12" STYLEREFS="FONT0"/>
          </TextLine>
          <TextLine ID="tl_55" BASELINE="2902" HEIGHT="61" WIDTH="1376" VPOS="2841" HPOS="121">
            <String HEIGHT="61" WIDTH="329" VPOS="2841" HPOS="100" CONTENT="naturaliste," ID="tl_55_1" STYLEREFS="FONT0"/>
            <SP HEIGHT="61" WIDTH="21" VPOS="2841" HPOS="429"/>
            <String HEIGHT="61" WIDTH="103" VPOS="2841" HPOS="367" CONTENT="à" ID="tl_55_2" STYLEREFS="FONT0"/>
            <SP HEIGHT="61" WIDTH="21" VPOS="2841" HPOS="470"/>
            <String HEIGHT="61" WIDTH="308" VPOS="2841" HPOS="409" CONTENT="Versailles." ID="tl_55_3" STYLEREFS="FONT0"/>
            <SP HEIGHT="61" WIDTH="21" VPOS="2841" HPOS="717"/>
            <String HEIGHT="61" WIDTH="329" VPOS="2841" HPOS="655" CONTENT="Montpellier," ID="tl_55_4" STYLEREFS="FONT0"/>
            <SP HEIGHT="61" WIDTH="21" VPOS="2841" HPOS="984"/>
            <String HEIGHT="61" WIDTH="144" VPOS="2841" HPOS="922" CONTENT="1er" ID="tl_55_5" STYLEREFS="FONT0"/>
            <SP HEIGHT="61" WIDTH="21" VPOS="2841" HPOS="1066"/>
            <String HEIGHT="61" WIDTH="164" VPOS="2841" HPOS="1004" CONTENT="août" ID="tl_55_6" STYLEREFS="FONT0"/>
            <SP HEIGHT="61" WIDTH="21" VPOS="2841" HPOS="1168"/>
            <String HEIGHT="61" WIDTH="185" VPOS="2841" HPOS="1107" CONTENT="1827." ID="tl_55_7" STYLEREFS="FONT0"/>
            <SP HEIGHT="61" WIDTH="21" VPOS="2841" HPOS="1292"/>
            <String HEIGHT="61" WIDTH="103" VPOS="2841" HPOS="1230" CONTENT="3" ID="tl_55_8" STYLEREFS="FONT0"/>
            <SP HEIGHT="61" WIDTH="21" VPOS="2841" HPOS="1333"/>
            <String HEIGHT="61" WIDTH="144" VPOS="2841" HPOS="1271" CONTENT="gr." ID="tl_55_9" STYLEREFS="FONT0"/>
            <SP HEIGHT="61" WIDTH="21" VPOS="2841" HPOS="1415"/>
            <String HEIGHT="61" WIDTH="123" VPOS="2841" HPOS="1353" CONTENT="p." ID="tl_55_10" STYLEREFS="FONT0"/>
            <SP HEIGHT="61" WIDTH="21" VPOS="2841" HPOS="1476"/>
            <String HEIGHT="61" WIDTH="103" VPOS="2841" HPOS="1394" CONTENT="pl." ID="tl_55_11" STYLEREFS="FONT0"/>
          </TextLine>
        </TextBlock>
        <GraphicalElement ID="r_2" HEIGHT="8" WIDTH="101" VPOS="1155" HPOS="483"/>
      </PrintSpace>
    </Page>
  </Layout>
</alto>
