1566 2948
602 114 183 92 —
676 114 256 92 252
785 114 110 92 —

80 218 219 66 in-4.—
233 218 131 66 2°
299 218 131 66 L.
364 218 175 66 aut.
474 218 197 66 sig.,
605 218 131 66 au
670 218 197 66 même.
801 218 350 66 Montpellier.
1086 218 131 66 28
1151 218 262 66 décembre
1326 218 153 66 1828.

40 262 313 88 3
166 262 439 88 gr.
416 262 376 88 p.
604 262 439 88 pl.
855 262 564 88 in-4.
1231 262 313 88 6
1294 262 188 88 »

129 300 146 76 Ces
213 300 167 76 deux
317 300 229 76 lettres
484 300 167 76 sont
588 300 313 76 entièrement
838 300 271 76 relatives
1047 300 104 76 à
1089 300 125 76 la
1131 300 229 76 géologie.

38 352 173 76 3119.
153 352 346 76 Sgricci
442 352 327 76 improvisateur
711 352 231 76 italien.
884 352 115 76 L.
942 352 154 76 aut.
1038 352 173 76 sig.,
1153 352 96 76 à
1192 352 115 76 M.
1249 352 192 76 Vitet.
1384 352 96 76 1
1403 352 77 76 p.

35 402 652 68 in-8.
469 402 941 68 Curieuse.
1193 402 362 68 2
1266 402 217 68 »

39 456 176 67 3120.
157 456 332 67 Sieyès
430 456 254 67 (l’abbé),
625 456 312 67 constituant,
879 456 254 67 sénateur.
1074 456 156 67 Reçu
1172 456 156 67 aut.
1269 456 156 67 sig.
1367 456 117 67 de
1406 456 78 67 la

89 504 259 77 livraison
288 504 120 77 de
348 504 259 77 taffetas,
547 504 139 77 qui
627 504 139 77 lui
707 504 179 77 était
826 504 219 77 destiné
986 504 139 77 par
1066 504 120 77 la
1125 504 219 77 prêture
1285 504 120 77 du
1325 504 159 77 sénat.

83 560 249 51 Paris,
258 560 150 51 17
333 560 374 51 vendémiaire
632 560 150 51 an
707 560 225 51 XIII.
856 560 225 51 Tiers
1006 560 150 51 de
1081 560 200 51 page
1206 560 249 51 in-12.
1380 560 125 51 5
1405 560 75 51 »

39 585 179 94 3121.
158 585 318 94 Smith
417 585 258 94 (Horace),
616 585 258 94 romancier
814 585 239 94 auglais.
993 585 199 94 Billet
1132 585 159 94 aut.
1232 585 159 94 sig,
1331 585 139 94 (en
1391 585 99 94 an-

74 636 420 76 glais).
379 636 573 76 Versailles.
838 636 191 76 1
914 636 229 76 p.
1029 636 382 76 in-18.
1296 636 191 76 1
1334 636 153 76 50

40 691 196 81 3122.
171 691 305 81 Souflot
411 691 131 81 le
476 691 305 81 Romain
716 691 327 81 architecte.
977 691 283 81 Réglement
1195 691 131 81 de
1260 691 196 81 trois
1369 691 109 81 li-

89 735 206 78 gnes.
226 735 183 78 aut.
340 735 206 78 sig.,
477 735 137 78 au
546 735 160 78 bas
637 735 183 78 d’un
751 735 251 78 mémoire
934 735 137 78 de
1003 735 274 78 poëlerie
1208 735 183 78 pour
1299 735 183 78 Madame

93 800 135 63 la
161 800 293 63 princesse
386 800 135 63 de
454 800 248 63 Bergue.
634 800 225 63 Paris,
791 800 135 63 12
859 800 180 63 mars
971 800 203 63 1768.
1106 800 113 63 3
1151 800 135 63 p.
1219 800 248 63 in-fol.
1399 800 113 63 5
1421 800 68 63 »

48 827 191 83 3123.
175 827 361 83 Sparre
472 827 170 83 (Mme
578 827 127 83 la
642 827 255 83 comtesse
833 827 170 83 de),
939 827 233 83 actrice
1108 827 170 83 dans
1214 827 127 83 sa
1257 827 233 83 jeunesse,

86 880 379 65 musicienne
383 880 406 65 distinguée.
708 880 162 65 L.
789 880 216 65 aut.
924 880 216 65 sig.
1059 880 135 65 1
1113 880 162 65 p.
1195 880 243 65 in-8.
1357 880 135 65 1
1384 880 108 65 50

46 935 191 69 3124.
173 935 298 69 Spencer
407 935 340 69 Stanhope
684 935 234 69 (lord).
854 935 128 69 L.
918 935 170 69 aut.
1024 935 170 69 sig.
1130 935 149 69 (en
1216 935 298 69 français),
1428 935 64 69 à

93 986 123 70 M.
154 986 123 70 de
215 986 328 70 Saint-Morys.
482 986 205 70 Paris,
625 986 123 70 18
687 986 164 70 mars
789 986 184 70 1813.
912 986 102 70 2
953 986 143 70 gr.
1035 986 123 70 p.
1097 986 143 70 pl.
1179 986 123 70 et
1240 986 184 70 demie
1343 986 143 70 in

39 1020 1302 69 Intéressante.
1112 1020 383 69 4
1189 1020 306 69 50

48 1058 179 85 3125.
167 1058 318 85 Spitz
426 1058 437 85 (François-Ignace),
803 1058 278 85 professeur
1022 1058 119 85 de
1082 1058 338 85 mathématiques
1340 1058 159 85 trans-

96 1135 294 62 cendantes
323 1135 136 62 au
390 1135 204 62 lvcée
526 1135 136 62 de
594 1135 226 62 Nancy.
752 1135 136 62 L.
820 1135 181 62 aut.
933 1135 204 62 sig.,
1069 1135 158 62 aux
1160 1135 271 62 citoyens
1341 1135 158 62 admi-

101 1169 295 76 nistrateurs
337 1169 118 76 du
396 1169 236 76 district
573 1169 118 76 de
632 1169 197 76 Nancy,
770 1169 118 76 21
829 1169 256 76 fructidor
1026 1169 118 76 an
1085 1169 157 76 III.
1183 1169 98 76 1
1223 1169 118 76 p.
1282 1169 177 76 in-f.
1400 1169 98 76 2
1419 1169 79 76 50

50 1224 197 66 3126.
182 1224 460 66 Spurzheim,
576 1224 263 66 médecin.
774 1224 219 66 Billet
927 1224 175 66 aut.
1037 1224 175 66 sig.
1146 1224 110 66 1
1190 1224 132 66 p.
1256 1224 219 66 in-12.
1409 1224 110 66 2
1431 1224 66 66 »

51 1258 186 72 3127.
175 1258 351 72 Surian
464 1258 413 72 (Jean-Baptiste),
815 1258 207 72 évêque
960 1258 124 72 de
1022 1258 207 72 Vence.
1167 1258 124 72 L.
1229 1258 165 72 aut.
1332 1258 186 72 sig.,
1435 1258 62 72 à

97 1319 131 67 M.
163 1319 131 67 de
228 1319 371 67 Saint-Julien.
534 1319 218 67 Vence,
686 1319 131 67 16
752 1319 262 67 novembre
948 1319 196 67 1746.
1079 1319 109 67 3
1123 1319 153 67 gr.
1210 1319 131 67 p.
1276 1319 196 67 in-4.
1407 1319 109 67 5
1429 1319 65 67 »

52 1355 194 72 3128.
182 1355 389 72 Swinden
506 1355 324 72 (Jean-Henri
765 1355 194 72 Van),
894 1355 389 72 mathématicien.
1218 1355 130 72 L.
1283 1355 173 72 aut.
1369 1355 130 72 sig.

98 1426 160 66 (en
189 1426 365 66 hollandais),
486 1426 114 66 à
531 1426 137 66 M.
600 1426 251 66 Tholen,
782 1426 114 66 à
828 1426 296 66 Franeker.
1056 1426 319 66 Amsterdam,
1307 1426 137 66 10
1352 1426 160 66 juin.

65 1457 517 58 1811.
409 1457 287 58 2
524 1457 402 58 gr.
754 1457 345 58 p.
926 1457 517 58 in-4.
1271 1457 287 58 3
1329 1457 172 58 »

49 1501 242 78 3129.
210 1501 376 78 Système
506 1501 161 78 de
587 1501 350 78 Bernardin
856 1501 161 78 de
936 1501 430 78 Saint-Pierre
1259 1501 242 78 sur

100 1555 219 73 les
253 1555 372 73 courants.
560 1555 109 73 —
604 1555 131 73 1°
669 1555 131 73 L.
735 1555 219 73 signée
888 1555 153 73 par
976 1555 219 73 Brard,
1129 1555 372 73 correspondant
1413 1555 88 73 du

99 1597 238 65 Museum
266 1597 333 65 d’histoire
528 1597 333 65 naturelle,
790 1597 143 65 et
861 1597 167 65 par
956 1597 143 65 M.
1028 1597 214 65 Panel
1171 1597 262 65 l’aîné,
1337 1597 167 65 datée

103 1641 138 72 du
172 1641 184 72 bord
287 1641 138 72 du
356 1641 230 72 navire
517 1641 322 72 Lindianer,
770 1641 299 72 capitaine
999 1641 230 72 Beusse
1160 1641 138 72 le
1229 1641 207 72 15...
1344 1641 161 72 1797,

105 1706 262 59 adressée
302 1706 109 59 à
346 1706 284 59 Bernardin
564 1706 131 59 de
630 1706 372 59 Saint-Pierre,
936 1706 175 59 dans
1045 1706 153 59 une
1132 1706 284 59 bouteille
1329 1706 175 59 cache-

106 1739 151 65 tée
193 1739 194 65 jetée
322 1739 108 65 à
365 1739 129 65 la
430 1739 172 65 mer,
537 1739 172 65 avec
645 1739 151 65 une
731 1739 172 65 note
839 1739 129 65 en
904 1739 215 65 latin,
1055 1739 129 65 en
1119 1739 280 65 français,
1335 1739 129 65 en
1378 1739 129 65 ita-

108 1802 222 57 lienne
263 1802 156 57 et,
352 1802 133 57 en
419 1802 267 57 anglais,
619 1802 178 57 pour
731 1802 200 57 prier
864 1802 156 57 les
953 1802 289 57 personnes
1175 1802 156 57 qui
1242 1802 267 57 trouveront

107 1822 178 96 cette
226 1822 276 96 bouteille,
443 1822 118 96 de
502 1822 118 96 la
561 1822 138 96 lui
640 1822 178 96 faire
759 1822 316 96 parvenir;—2°
1015 1822 118 96 L.
1075 1822 158 96 aut.
1173 1822 158 96 sig.
1272 1822 118 96 de
1331 1822 118 96 M.
1371 1822 138 96 Beau-

103 1877 254 81 jardin,
288 1877 185 81 vice
403 1877 116 81 -
449 1877 231 81 consul
611 1877 139 81 de
680 1877 139 81 la
750 1877 323 81 République
1004 1877 139 81 au
1073 1877 254 81 Ferrol,
1258 1877 277 81 adressée
1443 1877 69 81 à

110 1929 656 65 Bernardin-de-Saint-Pierre,
701 1929 131 65 en
766 1929 153 65 lui
854 1929 262 65 envoyant
1051 1929 131 65 la
1116 1929 219 65 lettre
1269 1929 131 65 et
1335 1929 131 65 la
1379 1929 131 65 note

109 1979 158 79 qui
200 1979 316 79 précèdent,
448 1979 271 79 trouvées
651 1979 181 79 dans
764 1979 158 79 une
854 1979 316 79 bouteille,
1103 1979 158 79 par
1193 1979 135 79 un
1261 1979 226 79 soldat
1396 1979 113 79 qui

114 2034 141 76 dit
195 2034 222 76 l’avoir
356 2034 283 76 rencontrée
578 2034 121 76 le
639 2034 101 76 6
679 2034 222 76 juillet
841 2034 121 76 (à
901 2034 182 76 sec),
1022 2034 182 76 entre
1144 2034 141 76 les
1224 2034 202 76 roches
1366 2034 121 76 du
1406 2034 101 76 cap

110 2068 216 75 Prior.
262 2068 216 75 Ferrol
413 2068 130 75 29
478 2068 281 75 thermidor
695 2068 130 75 an
760 2068 130 75 V.
825 2068 108 75 1
868 2068 130 75 p.
933 2068 195 75 in-4.
1063 2068 238 75 Cachet.
1236 2068 108 75 —
1279 2068 130 75 3°
1322 2068 195 75 Extrait

109 2122 204 67 d’une
245 2122 226 67 lettre
404 2122 272 67 adressée
607 2122 158 67 par
698 2122 136 67 un
766 2122 272 67 officier
970 2122 136 67 de
1038 2122 249 67 marine,
1219 2122 113 67 à
1241 2122 272 67 Bernardin-

115 2167 379 66 de-Saint-Pierre
434 2167 160 66 (sur
534 2167 140 66 les
614 2167 239 66 courants
794 2167 120 66 et
853 2167 140 66 sur
933 2167 180 66 l’île
1053 2167 120 66 de
1113 2167 319 66 l’Ascension,
1352 2167 160 66 etc.).

90 2216 209 61 9
174 2216 293 61 gr.
341 2216 251 61 p.
467 2216 209 61 à
550 2216 544 61 mi-marge,
969 2216 460 61 in-fol.
1304 2216 251 61 10
1387 2216 126 61 »

69 2274 181 55 3130.
189 2274 341 55 Talbot
470 2274 241 55 (A.-F.),
651 2274 261 55 inventeur
852 2274 120 55 de
912 2274 120 55 la
972 2274 321 55 photographie
1233 2274 140 55 sur
1313 2274 201 55 papier
1434 2274 80 55 en

114 2329 339 72 Angleterre.
385 2329 135 72 L.
453 2329 181 72 aut.
566 2329 203 72 sig.,
701 2329 113 72 à
746 2329 135 72 M.
814 2329 226 72 l’abbé
972 2329 248 72 Moigno.
1153 2329 248 72 Lacreck
1311 2329 203 72 abbaye,

104 2362 505 60 Cheppenham,
509 2362 202 60 31
610 2362 269 60 mars
778 2362 303 60 1852.
980 2362 168 60 3
1047 2362 202 60 p.
1148 2362 303 60 in-8.
1351 2362 168 60 6
1384 2362 135 60 50

160 2422 131 60 Au
226 2422 196 60 sujet
356 2422 131 60 de
422 2422 131 60 la
487 2422 196 60 vente
618 2422 109 60 à
661 2422 240 60 Londres
836 2422 305 60 d’épreuves
1053 2422 458 60 stéréoscopiques....

118 2459 118 64 Il
177 2459 138 64 lui
256 2459 197 64 envoie
394 2459 118 64 un
454 2459 178 64 petit
572 2459 296 64 échantillon
809 2459 178 64 qu’il
927 2459 118 64 le
986 2459 158 64 prie
1085 2459 296 64 d’accepter;
1322 2459 178 64 c’est
1420 2459 99 64 une

118 2517 165 55 tête
222 2517 124 55 de
284 2517 269 55 vieillard
491 2517 227 55 d’après
656 2517 207 55 nature
801 2517 186 55 faite
925 2517 124 55 en
987 2517 103 55 3
1008 2517 227 55 secondes.

72 2555 197 67 3131.
204 2555 395 67 Tardieu
532 2555 329 67 (Ambroise),
796 2555 241 67 graveur
971 2555 132 67 de
1037 2555 219 67 cartes
1190 2555 132 67 du
1256 2555 197 67 dépôt
1387 2555 132 67 de
1431 2555 88 67 la

120 2599 234 69 guerre,
290 2599 127 69 de
353 2599 297 69 portraits,
587 2599 127 69 de
651 2599 127 69 la
714 2599 318 69 description
969 2599 127 69 de
1033 2599 127 69 la
1096 2599 234 69 colonne
1266 2599 127 69 de
1330 2599 127 69 la
1372 2599 149 69 place

118 2649 281 62 Vendôme,
328 2649 187 62 etc.
445 2649 140 62 L.
516 2649 187 62 aut.
633 2649 211 62 sig.,
773 2649 117 62 à
820 2649 164 62 MM.
913 2649 164 62 les
1007 2649 257 62 membres
1194 2649 140 62 de
1265 2649 140 62 la
1311 2649 211 62 commis-

119 2705 184 59 sion
234 2705 161 59 des
326 2705 345 59 récompenses
602 2705 345 59 nationales.
877 2705 230 59 Paris,
1038 2705 138 59 29
1107 2705 207 59 avril
1245 2705 207 59 1831.
1383 2705 115 59 4
1406 2705 115 59 gr.

68 2737 460 84 p.
298 2737 536 84 pl.
605 2737 843 84 in-fol.
1218 2737 383 84 6
1294 2737 230 84 »

168 2776 253 83 Demande
352 2776 138 83 de
421 2776 138 83 la
490 2776 322 83 décoration
743 2776 138 83 de
812 2776 276 83 juillet.
1019 2776 230 83 Exposé
1180 2776 138 83 de
1249 2776 138 83 sa
1295 2776 230 83 conduite
