1639 2893
97 190 113 62 à
143 190 158 62 une
233 190 158 62 Mme
323 190 316 62 Calendria,
571 190 135 62 de
638 190 248 62 Genève.
819 190 203 62 Cette
954 190 361 62 circassienne
1247 190 203 62 était
1360 190 135 62 plus

96 248 207 50 naïve
234 248 230 50 qu’une
395 248 414 50 champenoise...
740 248 207 50 «Vous
877 248 207 50 dites
1015 248 184 50 donc
1130 248 161 50 que
1222 248 253 50 Diderot
1383 248 115 50 est

97 285 153 65 «un
185 285 153 65 bon
272 285 219 65 homme.
425 285 131 65 Je
491 285 131 65 le
557 285 219 65 crois,
710 285 153 65 car
798 285 131 65 il
863 285 153 65 est
951 285 197 65 naïf;
1082 285 175 65 plus
1192 285 131 65 il
1257 285 153 65 est
1345 285 153 65 bon
1410 285 88 65 et

98 341 200 56 «plus
231 341 133 56 je
297 341 133 56 le
364 341 222 56 plains
519 341 222 56 d’être
674 341 288 56 dépendant
896 341 155 56 des
985 341 310 56 libraires,
1229 341 155 56 qui
1318 341 133 56 ne
1362 341 133 56 sont

96 387 215 68 «point
247 387 129 68 du
312 387 172 68 tout
419 387 215 68 bonnes
570 387 194 68 gens,
699 387 129 68 et
763 387 215 68 d’être
914 387 129 68 en
979 387 194 68 proie
1108 387 108 68 à
1151 387 129 68 la
1215 387 172 68 rage
1323 387 151 68 des
1387 387 108 68 en-

96 426 212 57 «nemis
244 426 127 57 de
308 426 127 57 la
371 426 339 57 philosophie.
646 426 191 57 C’est
773 426 148 57 une
858 426 191 57 chose
985 426 275 57 pitoiable
1197 426 148 57 que
1281 426 148 57 des
1345 426 148 57 asso-

92 492 200 53 «ciez
225 492 133 53 de
292 492 245 53 mérite,
470 492 133 53 ne
537 492 222 53 soient
692 492 133 53 ny
759 492 245 53 maitres
937 492 133 53 de
1004 492 178 53 leur
1115 492 267 53 ouvrage,
1315 492 133 53 ny
1360 492 133 53 mai-

95 532 180 62 «tres
215 532 120 62 de
275 532 180 62 leurs
395 532 240 62 pensées.
575 532 180 62 Aussi
695 532 260 62 l’édifice
894 532 200 62 est-il
1034 532 160 62 bati
1134 532 200 62 moitié
1274 532 120 62 de
1314 532 180 62 marbre,

92 576 252 59 «moitié
276 576 138 59 de
345 576 275 59 boue....
551 576 184 59 Pour
666 576 161 59 moy
758 576 138 59 je
826 576 138 59 me
895 576 184 59 suis
1010 576 207 59 amusé
1148 576 115 59 à
1194 576 207 59 jouer
1308 576 184 59 Fanime

92 633 158 59 «et
183 633 249 59 Alzire.
364 633 362 59 Mademoiselle
658 633 249 59 Clairon
838 633 136 59 je
906 633 181 59 vous
1019 633 249 59 demande
1200 633 249 59 pardon,
1358 633 136 59 mais

95 672 183 58 «vous
216 672 203 58 n’avez
359 672 203 58 jamais
501 672 162 58 bien
602 672 162 58 joué
704 672 122 58 la
764 672 203 58 tirade
906 672 122 58 du
967 672 264 58 troisième
1170 672 183 58 acte:
1272 672 223 58 De

96 730 280 51 «lhimen
316 730 120 51 de
376 730 200 51 lamour
516 730 240 51 vangerey
696 730 160 51 tous
796 730 140 51 les
875 730 220 51 droits;
1035 730 180 51 punis
1155 730 140 51 une
1215 730 280 51 coupable

95 776 189 50 «et
227 776 151 50 sois
322 776 170 50 juste
435 776 132 50 une
511 776 246 50 fois
700 776 227 50 Pourquoi
870 776 151 50 cela
964 776 170 50 Mlle?
1077 776 170 50 C’est
1191 776 132 50 que
1266 776 151 50 vous
1342 776 151 50 n’avez

92 813 220 60 «jamais
252 813 140 60 lié
332 813 140 60 les
413 813 200 60 quatre
553 813 160 60 vers
653 813 120 60 de
713 813 120 60 la
773 813 160 60 fin,
874 813 120 60 et
934 813 180 60 apuié
1054 813 140 60 sur
1134 813 120 60 le
1194 813 241 60 dernier.
1355 813 140 60 C’est

93 866 149 57 «le
178 866 234 57 secret.
348 866 170 57 Vous
454 866 212 57 n’avez
602 866 212 57 jamais
751 866 170 57 bien
857 866 170 57 joué
963 866 255 57 lendroit
1154 866 127 57 ou
1218 866 255 57 l’Alzire
1388 866 106 57 de-

88 905 230 56 «mande
249 905 207 56 grace
387 905 115 56 a
433 905 161 56 son
526 905 184 56 mari
641 905 184 56 pour
756 905 161 56 son
848 905 230 56 amant,
1009 905 138 56 et
1078 905 184 56 cela
1194 905 161 56 par
1286 905 138 56 la
1332 905 161 56 même-

88 960 276 52 «raison.
295 960 184 52 Vous
410 960 184 52 etes
526 960 161 52 une
618 960 253 52 actrice
802 960 322 52 admirable,
1055 960 161 52 jen
1148 960 299 52 conviens,
1355 960 138 52 mais

84 1008 188 47 «Mme
201 1008 211 47 Denis
342 1008 117 47 a
389 1008 188 47 joué
506 1008 164 47 ces
600 1008 188 47 deux
718 1008 282 47 endroits
929 1008 211 47 mieux
1070 1008 164 47 que
1164 1008 211 47 vous.
1305 1008 141 47 Et
1352 1008 141 47 vous

88 1052 222 62 «vieux
243 1052 334 62 débagouleur
510 1052 133 62 de
577 1052 267 62 sarrazin
777 1052 178 62 vous
888 1052 222 62 n’avez
1044 1052 222 62 jamais
1200 1052 178 62 joué
1289 1052 200 62 Alvarès

86 1103 237 55 «comme
252 1103 166 55 moy
347 1103 285 55 entendes
561 1103 332 55 vous!.....
822 1103 166 55 Mon
917 1103 214 55 divin
1060 1103 190 55 ange
1178 1103 237 55 depuis
1321 1103 166 55 cette

88 1152 276 60 «maudite
295 1152 253 60 affaire
479 1152 138 60 de
548 1152 253 60 Rosbac,
732 1152 184 60 tout
847 1152 115 60 a
893 1152 161 60 été
985 1152 138 60 en
1054 1152 299 60 décadence
1284 1152 184 60 dans
1376 1152 115 60 nos

87 1193 267 62 «armées,
287 1193 200 62 comme
421 1193 178 62 dans
532 1193 156 62 les
621 1193 200 62 beaux
755 1193 178 62 arts
866 1193 111 62 à
911 1193 223 62 Paris.
1067 1193 134 62 Je
1134 1193 134 62 ne
1200 1193 178 62 vois
1312 1193 134 62 de
1356 1193 134 62 tous

87 1240 218 64 «cotez
240 1240 153 64 que
327 1240 218 64 sujets
480 1240 349 64 d’affliction
764 1240 131 64 et
829 1240 131 64 de
895 1240 262 64 honte...
1091 1240 175 64 Dieu
1200 1240 175 64 nous
1309 1240 175 64 soit
1397 1240 87 64 en

57 1287 321 57 «aide.....»

39 1324 150 83 3167
133 1324 338 83 Voltaire
415 1324 113 83 L.
471 1324 150 83 sig.
565 1324 244 83 V
753 1324 207 83 (écrite
904 1324 132 83 par
979 1324 263 83 Wagnière),
1185 1324 94 83 à
1223 1324 169 83 M....
1317 1324 169 83 Ferney,

70 1388 207 62 45
174 1388 311 62 avril
382 1388 311 62 1766.
589 1388 173 62 1
658 1388 207 62 p.
762 1388 207 62 et
866 1388 311 62 demie
1073 1388 311 62 in-8.
1315 1388 173 62 4
1350 1388 138 62 50

38 1418 167 69 3168.
150 1418 353 69 Voltaire
448 1418 112 69 L.
503 1418 149 69 sig.
596 1418 242 69 V
782 1418 205 69 (écrite
931 1418 130 69 par
1005 1418 260 69 Wagnière),
1210 1418 93 69 à
1247 1418 112 69 M.
1303 1418 112 69 le
1340 1418 149 69 cheva-

85 1483 170 61 lier
191 1483 127 61 de
255 1483 234 61 Taulès.
425 1483 234 61 Ferney,
595 1483 106 61 5
637 1483 170 61 avr.
743 1483 191 61 1766.
871 1483 106 61 2
913 1483 127 61 p.
977 1483 149 61 pl.
1062 1483 127 61 et
1126 1483 212 61 demie.
1275 1483 191 61 in-8.
1402 1483 106 61 5
1423 1483 64 61 »

37 1522 161 71 3169.
144 1522 358 71 Voltaire.
448 1522 107 71 L.
502 1522 143 71 sig.
591 1522 250 71 V.
788 1522 197 71 (écrite
931 1522 125 71 par
1002 1522 250 71 Wagnière),
1199 1522 89 71 à
1235 1522 107 71 M.
1288 1522 107 71 de
1324 1522 161 71 Taulès.

83 1579 267 52 Ferney,
277 1579 145 52 23
349 1579 170 52 mai
446 1579 218 52 1766.
592 1579 121 52 1
640 1579 145 52 p.
713 1579 170 52 pl.
810 1579 145 52 et
882 1579 242 52 demie.
1052 1579 218 52 in-4.
1197 1579 267 52 Cachet.
1391 1579 121 52 5
1415 1579 73 52 »

36 1620 159 68 3170.
142 1620 336 68 Voltaire
426 1620 106 68 L.
479 1620 142 68 sig.
567 1620 248 68 V.
762 1620 195 68 (écrite
903 1620 124 68 par
974 1620 248 68 Wagnière),
1169 1620 88 68 à
1204 1620 106 68 M.
1257 1620 106 68 le
1292 1620 195 68 chevalier

80 1673 132 47 de
146 1673 242 47 Taulès.
322 1673 242 47 Ferney,
498 1673 132 47 20
564 1673 264 47 novembre
762 1673 198 47 1767.
893 1673 110 47 1
937 1673 132 47 p.
1003 1673 154 47 pl.
1091 1673 198 47 in-4.
1223 1673 242 47 Cachet.
1399 1673 110 47 5
1421 1673 66 47 »

37 1715 163 76 3171.
146 1715 344 76 Voltaire
436 1715 109 76 L.
490 1715 145 76 sig.
581 1715 254 76 V.
780 1715 199 76 (écrite
925 1715 127 76 par
998 1715 254 76 Wagnière),
1197 1715 91 76 à
1233 1715 109 76 M.
1288 1715 109 76 de
1324 1715 163 76 Taulès.

76 1768 258 54 Ferney,
263 1768 141 54 14
334 1768 188 54 déc.
451 1768 211 54 1767.
592 1768 117 54 2
639 1768 141 54 p.
710 1768 164 54 pl.
804 1768 211 54 in-4.
945 1768 235 54 Cachet
1109 1768 352 54 (Fatiguée).
1391 1768 117 54 6
1415 1768 70 54 »

37 1810 165 64 3172.
147 1810 348 64 Voltaire
440 1810 110 64 L.
495 1810 147 64 sig.
587 1810 238 64 V
770 1810 202 64 (écrite
917 1810 128 64 par
990 1810 257 64 Wagnière),
1192 1810 92 64 à
1228 1810 110 64 M.
1283 1810 110 64 de
1320 1810 165 64 Taulés.

79 1858 204 66 Lundi
215 1858 227 66 matin,
374 1858 136 66 18
442 1858 272 66 auguste,
647 1858 113 66 à
692 1858 250 66 Ferney.
873 1858 113 66 1
919 1858 136 66 p.
987 1858 159 66 pl.
1078 1858 204 66 in-4.
1191 1858 295 66 (très-

-6 1918 1066 57 guée).
741 1918 533 57 5
954 1918 533 57 3
1061 1918 426 57 50

33 1943 167 70 3173.
145 1943 352 70 Voltaire
441 1943 111 70 L.
497 1943 148 70 sig.
590 1943 260 70 V.
794 1943 204 70 (écrite
942 1943 130 70 par
1016 1943 260 70 Wagnière),
1220 1943 93 70 à
1257 1943 148 70 M...
1350 1943 93 70 9
1369 1943 111 70 nov.

42 2005 518 53 1767.
388 2005 288 53 1
503 2005 346 53 p.
676 2005 403 53 pl.
906 2005 518 53 in-é.
1252 2005 288 53 5
1309 2005 173 53 »

29 2055 199 76 3174.
161 2055 132 76 L.
227 2055 176 76 sig.
338 2055 243 76 (écrite
514 2055 154 76 par
603 2055 309 76 Wagnière),
845 2055 110 76 à
889 2055 132 76 M.
956 2055 132 76 de
1022 2055 353 76 Beauteville.
1286 2055 199 76 Ferney,

78 2108 107 56 9
120 2108 234 56 janvier
291 2108 192 56 1767.
419 2108 107 56 3
461 2108 128 56 p.
525 2108 149 56 pl.
610 2108 192 56 in-4.
738 2108 405 56 (Très-fatiguée,
1079 2108 277 56 déchirure
1271 2108 213 56 enlevant

79 2151 149 87 les
164 2151 170 87 deux
270 2151 277 87 dernières
483 2151 234 87 lettres
654 2151 128 87 de
717 2151 128 87 la
781 2151 298 87 signature,
1016 2151 128 87 et
1079 2151 128 87 la
1143 2151 149 87 fin
1228 2151 128 87 de
1292 2151 170 87 deux
1378 2151 106 87 li-

53 2208 356 61 gnes
276 2208 267 61 de
410 2208 267 61 la
543 2208 535 61 première
944 2208 445 61 page).
1256 2208 267 61 10
1345 2208 134 61 »

32 2227 174 80 3175.
148 2227 406 80 Wellington
496 2227 213 80 (Arthur
651 2227 271 80 Wellesley,
864 2227 135 80 duc
941 2227 155 80 de).
1038 2227 116 80 L.
1096 2227 155 80 aut.
1193 2227 155 80 sig.
1270 2227 213 80 V

77 2301 149 57 (en
162 2301 277 57 anglais),
375 2301 128 57 24
439 2301 234 57 juillet
609 2301 192 57 1840.
737 2301 170 57 Deux
844 2301 192 57 tiers
972 2301 128 57 de
1036 2301 128 57 p.
1099 2301 192 57 in-8.
1227 2301 234 57 Cachet.
1398 2301 107 57 4
1419 2301 64 57 »

30 2335 184 61 3176.
152 2335 389 61 Zschokke
480 2335 184 61 (H.),
603 2335 328 61 littérateur.
869 2335 123 61 L.
931 2335 164 61 aut.
1033 2335 164 61 sig.
1136 2335 143 61 (en
1218 2335 287 61 allemand),
1423 2335 61 61 à

76 2387 123 60 M.
138 2387 247 60 Philippe
323 2387 206 60 Nitze,
467 2387 103 60 à
508 2387 309 60 Versailles,
755 2387 185 60 Arrau
879 2387 267 60 (Suisse),
1084 2387 185 60 1831.
1208 2387 103 60 3
1249 2387 144 60 gr.
1331 2387 123 60 p.
1372 2387 103 60 pl.

-76 2443 1555 70 in-4.
961 2443 864 70 5

69 2570 263 60 N.B
276 2570 113 60 M.
332 2570 225 60 LAVERDET
501 2570 131 60 est
576 2570 150 60 chez
670 2570 131 60 lui
745 2570 113 60 de
802 2570 94 60 1
839 2570 169 60 heure
952 2570 94 60 à
990 2570 113 60 4,
1046 2570 131 60 les
1121 2570 244 60 dimanches
1309 2570 113 60 et
1347 2570 131 60 fêtes

27 2625 241 79 exceptés,
213 2625 111 79 et
269 2625 111 79 du
324 2625 111 79 15
380 2625 167 79 avril
491 2625 111 79 au
547 2625 111 79 15
602 2625 223 79 octobre,
769 2625 130 79 les
844 2625 241 79 mersredis
1029 2625 111 79 et
1085 2625 204 79 samedis
1214 2625 223 79 seulement.

346 2745 144 71 Ce
442 2745 160 71 numéro
554 2745 112 71 n’a
617 2745 112 71 été
681 2745 207 71 distribué
841 2745 112 71 que
905 2745 96 71 le
953 2745 96 71 31
984 2745 176 71 août
