1634 2896
656 62 182 84 —
728 62 255 84 328
838 62 109 84 —

140 134 284 88 Napoléon,
359 134 131 88 1°
424 134 131 88 L.
490 134 175 88 aut.
599 134 175 88 sig.
709 134 131 88 28
774 134 175 88 mars
884 134 197 88 1806.
1015 134 109 88 1
1059 134 131 88 p.
1124 134 197 88 in-8.
1256 134 109 88 —
1299 134 131 88 2°
1365 134 131 88 L.
1409 134 131 88 aut.

142 207 194 63 sig.,
272 207 108 63 à
315 207 129 63 M.
379 207 194 63 Cadet
509 207 129 63 de
573 207 323 63 Gassicourt,
831 207 301 63 pharmacien
1068 207 129 63 de
1133 207 323 63 l’Empereur.
1370 207 172 63 Palais

132 250 224 76 des
260 250 448 76 Tuileries,
612 250 192 76 20
708 250 256 76 mars
868 250 288 76 1815.
1060 250 160 76 1
1124 250 192 76 p.
1220 250 288 76 in-4.
1412 250 160 76 6
1444 250 96 76 »

186 299 252 68 Demande
370 299 207 68 d’une
507 299 229 68 potion
668 299 298 68 calmante,
897 299 184 68 dont
1012 299 138 68 il
1081 299 207 68 donne
1196 299 344 68 l’ordonnance,

139 353 369 63 probablement
439 353 185 63 pour
531 353 300 63 l’Empereur.

94 393 186 81 3985.
218 393 269 81 Gérard
425 393 124 81 de
488 393 290 81 Nerval
715 393 310 81 (Labrunie),
964 393 207 81 poëte,
1108 393 331 81 littérateur,
1357 393 186 81 tradue-

138 442 204 62 teur
266 442 153 62 de
343 442 434 62 Faust
700 442 153 62 L.
776 442 204 62 aut.
904 442 204 62 sig.
1032 442 332 62 Demi-page
1287 442 204 62 in-8
1414 442 128 62 2
1440 442 102 62 50

95 497 192 53 3986.
223 497 405 53 Gonzague
564 497 213 53 (Louis
713 497 171 53 de),
819 497 149 53 duc
905 497 128 53 de
969 497 298 53 Nivernois,
1203 497 192 53 comte
1331 497 128 53 de
1373 497 171 53 Rothe

142 544 167 63 lin,
247 544 167 63 pair
351 544 125 63 de
414 544 230 63 France,
581 544 167 63 mort
685 544 125 63 le
748 544 125 63 15
811 544 230 63 octobre
978 544 188 63 1595.
1103 544 209 63 Quitt.
1249 544 167 63 (sur
1333 544 209 63 parch.),

131 598 256 49 avec
291 598 224 49 une
419 598 288 49 ligne
612 598 256 49 aut.
772 598 256 49 sig.
932 598 385 49 Novembre
1221 598 288 49 1569.
1413 598 160 49 3
1445 598 96 49 »

93 626 192 72 3987.
221 626 598 72 Gouvion-Saint-Cyr
754 626 235 72 (madame
925 626 128 72 la
989 626 320 72 maréchale).
1245 626 128 72 L.
1309 626 171 72 aut.
1395 626 149 72 sig.,

139 695 128 51 à
191 695 153 51 M.
267 695 153 51 le
344 695 307 51 baron...
574 695 256 51 Paris,
753 695 153 51 24
830 695 230 51 avril
983 695 230 51 1822.
1137 695 128 51 2
1188 695 153 51 p.
1265 695 230 51 in-4.
1418 695 128 51 2
1444 695 102 51 50

96 734 179 78 3988.
215 734 417 78 Grandville
572 734 238 78 (A.-B.),
751 734 298 78 ambassadeur
989 734 337 78 d’Angleterre.
1267 734 119 78 L.
1327 734 159 78 aut.
1406 734 139 78 sig.,

145 781 105 63 à
187 781 168 63 M...
292 781 253 63 Londres,
482 781 126 63 17
545 781 231 63 février
713 781 189 63 1816.
839 781 105 63 3
881 781 126 63 p.
945 781 147 63 pl.
1008 781 147 63 in

192 841 118 55 Au
251 841 176 55 sujet
369 841 118 55 de
428 841 314 55 l’invitation
682 841 176 55 qu’il
800 841 137 55 lui
879 841 216 55 adresse
1035 841 118 55 de
1094 841 137 55 lui
1173 841 176 55 faire
1290 841 196 55 savoir
1408 841 137 55 quels

139 893 250 50 numéros
321 893 159 50 lui
412 893 272 50 manquent
616 893 159 50 des
707 893 272 50 journaux
911 893 136 50 de
979 893 272 50 Physique
1184 893 136 50 et
1229 893 318 50 Encyclopédi-

145 928 158 67 que,
244 928 118 67 il
303 928 158 67 dit:
402 928 138 67 «En
481 928 217 67 surplus
639 928 118 67 du
698 928 158 67 mois
797 928 118 67 de
856 928 217 67 février
1014 928 118 67 de
1073 928 118 67 ce
1132 928 237 67 dernier,
1310 928 138 67 qui
1369 928 178 67 s’égara

143 991 203 49 «sans
279 991 203 49 doute
415 991 181 49 lors
528 991 136 49 du
596 991 362 49 débarquement
889 991 136 49 du
957 991 316 49 prisonnier
1206 991 136 49 de
1251 991 294 49 Ste

143 1027 166 50 «il
238 1027 142 50 ne
309 1027 142 50 me
380 1027 237 50 manque
546 1027 166 50 que
641 1027 142 50 le
712 1027 190 50 mois
831 1027 142 50 de
902 1027 379 50 septembre...
1187 1027 213 50 etc...»

96 1073 187 58 3989.
221 1073 395 58 Gresset,
553 1073 208 58 poëte,
699 1073 208 58 membre
844 1073 125 58 de
906 1073 291 58 l’académie
1135 1073 291 58 française.
1342 1073 208 58 Fragment

142 1120 391 51 littéraire,
454 1120 208 51 aut.
585 1120 130 51 1
637 1120 156 51 p.
715 1120 234 51 in-8,
871 1120 156 51 en
949 1120 312 51 travers.
1183 1120 312 51 Curieux.
1418 1120 156 51 12
1470 1120 78 51 »

100 1172 176 58 3990.
218 1172 372 58 Hanriot,
531 1172 215 58 général
688 1172 118 58 en
747 1172 157 58 chef
845 1172 118 58 de
904 1172 215 58 l’armée
1060 1172 118 58 de
1119 1172 196 58 Paris.
1256 1172 118 58 L.
1315 1172 157 58 sig.
1393 1172 157 58 Paris,

144 1219 123 54 5
194 1219 271 54 ventôse
390 1219 148 54 an
464 1219 172 54 II.
563 1219 123 54 1
612 1219 148 54 p.
686 1219 172 54 pl.
784 1219 271 54 in-fol.
981 1219 197 54 tête
1104 1219 221 54 impr.
1252 1219 271 54 Cachet.
1449 1219 123 54 3
1473 1219 74 54 »

102 1258 178 62 3991.
221 1258 357 62 Hémart,
518 1258 218 62 premier
677 1258 258 62 président
875 1258 119 62 de
935 1258 119 62 la
994 1258 159 62 cour
1093 1258 119 62 de
1153 1258 218 62 justice
1291 1258 258 62 criminelle,

150 1314 203 53 séante
292 1314 102 53 à
332 1314 203 53 Paris.
475 1314 122 53 Ce
536 1314 142 53 fut
617 1314 142 53 lui
698 1314 142 53 qui
779 1314 223 53 présida
942 1314 122 53 le
1003 1314 244 53 tribunal
1185 1314 162 53 dans
1287 1314 264 53 l’affaire
1470 1314 81 53 de

148 1363 249 59 Moreau,
329 1363 294 59 Pichegru,
556 1363 249 59 Georges
737 1363 272 59 Cadoudal
941 1363 136 59 et
1009 1363 226 59 autres
1167 1363 136 59 en
1235 1363 204 59 1804,
1371 1363 136 59 et
1416 1363 136 59 dont

148 1406 126 58 la
211 1406 251 58 sévérité
399 1406 209 58 envers
546 1406 146 58 les
629 1406 230 58 accusés
797 1406 209 58 excita
943 1406 167 58 tant
1048 1406 377 58 d’indignation.
1362 1406 126 58 L.
1424 1406 126 58 a.
1466 1406 84 58 s.

139 1457 329 55 Paris,
369 1457 197 55 13
468 1457 395 55 germinal
764 1457 197 55 an
863 1457 296 55 XIII.
1060 1457 164 55 2
1126 1457 197 55 p.
1224 1457 296 55 in-4.
1421 1457 164 55 3
1454 1457 99 55 »

102 1496 204 76 3992.
238 1496 340 76 Hortense
510 1496 453 76 Beauharnais,
896 1496 204 76 reine
1032 1496 136 76 de
1100 1496 295 76 Hollande.
1326 1496 136 76 L.
1394 1496 136 76 a.
1440 1496 113 76 s.,

151 1555 103 49 à
193 1555 124 49 sa
254 1555 165 49 mère
358 1555 392 49 (Madame
687 1555 165 49 mère
790 1555 124 49 de
852 1555 330 49 l’Empereur).
1120 1555 289 49 Augsbourg,
1347 1555 124 49 28
1388 1555 165 49 décem-

149 1603 159 63 bre
240 1603 204 63 1822.
376 1603 113 63 1
421 1603 136 63 p.
489 1603 204 63 in-4.
625 1603 295 63 Entourage
852 1603 272 63 gauffré.
1056 1603 204 63 Jolie
1192 1603 136 63 et
1237 1603 317 63 intéressante

57 1650 1268 55 lettre.
979 1650 692 55 14
1209 1650 346 55 »

104 1692 194 63 3993.
234 1692 324 63 Hngo
493 1692 281 63 (Victor),
709 1692 216 63 poëte,
861 1692 216 63 membre
1012 1692 130 63 de
1077 1692 302 63 l’académie
1293 1692 259 63 française.

156 1745 117 55 L.
214 1745 117 55 a.
272 1745 136 55 s.,
350 1745 97 55 à
389 1745 117 55 M.
447 1745 194 55 Jules,
583 1745 117 55 le
641 1745 272 55 chevalier.
855 1745 194 55 Paris,
991 1745 97 55 3
1030 1745 194 55 avril.
1166 1745 97 55 1
1205 1745 117 55 p.
1263 1745 136 55 pl.
1341 1745 175 55 in-4.
1458 1745 97 55 2
1477 1745 78 55 50

108 1792 185 61 3994.
232 1792 392 61 Humboldt
562 1792 144 61 (le
644 1792 185 61 baron
768 1792 268 61 Alexandre
974 1792 165 61 de),
1077 1792 330 61 naturaliste,
1324 1792 227 61 voyageur.

153 1842 143 54 L.
225 1842 190 54 aut.
343 1842 214 54 sig.,
486 1842 119 54 à
533 1842 143 54 S.
605 1842 261 54 ExC....
795 1842 143 54 Ce
866 1842 285 54 jeudi...
1080 1842 309 54 Demi-page
1317 1842 214 54 in-8.
1460 1842 119 54 2
1484 1842 71 54 »

111 1888 183 73 3995.
233 1888 367 73 Jobard,
539 1888 306 73 journaliste
783 1888 204 73 belge,
926 1888 224 73 célèbre
1089 1888 306 73 industriel.
1334 1888 122 73 L.
1395 1888 183 73 sig.,
1497 1888 61 73 à

153 1935 150 55 M.
228 1935 150 55 le
303 1935 226 55 baron
454 1935 150 55 de
529 1935 376 55 Marguerite.
830 1935 351 55 Bruxelles,
1106 1935 125 55 9
1156 1935 201 55 mars
1281 1935 226 55 1838.
1432 1935 125 55 1
1457 1935 100 55 50

111 1976 184 67 3996.
233 1976 408 67 Joséphine
580 1976 408 67 (l’Impératrice).
927 1976 265 67 Apostille
1131 1976 184 67 sig.,
1253 1976 122 67 en
1314 1976 184 67 marge
1416 1976 143 67 d’une

153 2044 295 46 pétition
375 2044 148 46 au
449 2044 295 46 ministre
670 2044 172 46 des
769 2044 320 46 finances.
1015 2044 123 46 2
1064 2044 320 46 germinal.
1310 2044 221 46 in-4.
1458 2044 123 46 3
1482 2044 74 46 »

114 2073 171 61 3997.
228 2073 362 61 Klaproth
533 2073 171 61 (J.),
647 2073 324 61 orientaliste.
914 2073 114 61 L.
971 2073 152 61 aut.
1066 2073 171 61 sig.,
1180 2073 95 61 à
1218 2073 114 61 M.
1275 2073 209 61 Cassin.
1409 2073 152 61 Paris,

144 2129 218 45 15
253 2129 290 45 nov.
434 2129 327 45 1829.
652 2129 327 45 Tiers
870 2129 218 45 de
978 2129 290 45 page
1160 2129 327 45 in-8.
1378 2129 181 45 1
1414 2129 145 45 50

112 2168 194 76 3998.
242 2168 194 76 La
372 2168 411 76 Bourdonnaye
717 2168 151 76 (le
804 2168 194 76 comte
933 2168 173 76 de),
1041 2168 216 76 député
1193 2168 130 76 et
1258 2168 259 76 ministre
1430 2168 130 76 sous

159 2224 257 58 Charles
345 2224 140 58 X.
416 2224 140 58 L.
486 2224 187 58 aut.
602 2224 210 58 sig.,
743 2224 117 58 à
789 2224 140 58 M.
859 2224 280 58 Michaud,
1070 2224 234 58 membre
1233 2224 140 58 de
1280 2224 280 58 l’Académie

144 2272 522 57 française.
554 2272 336 57 Lundi
778 2272 336 57 soir.
1002 2272 186 57 1
1076 2272 224 57 p.
1188 2272 336 57 in-4.
1412 2272 186 57 5
1449 2272 112 57 »

209 2321 135 63 M.
277 2321 135 63 de
345 2321 383 63 Caulaincourt,
660 2321 271 63 l'ancien
863 2321 361 63 grand-écuver
1156 2321 203 63 vient
1291 2321 135 63 de
1359 2321 225 63 mourir
1494 2321 68 63 à

163 2364 288 60 l’instant,
390 2364 123 60 il
451 2364 267 60 l’apprend
657 2364 165 60 d’un
760 2364 123 60 de
822 2364 144 60 ses
904 2364 350 60 beaux-frères.
1192 2364 123 60 Il
1253 2364 123 60 le
1315 2364 165 60 prie
1418 2364 123 60 de
1459 2364 103 60 lui

164 2415 266 60 demander
363 2415 310 60 d’annoncer
607 2415 310 60 simplement
851 2415 155 60 cet
939 2415 288 60 événément
1161 2415 177 60 sans
1250 2415 310 60 réflexion...

168 2474 199 48 «Cette
307 2474 239 48 nouvelle
487 2474 219 48 insérée
646 2474 159 48 dans
746 2474 119 48 la
805 2474 418 48 Quotidienne
1164 2474 159 48 sans
1263 2474 299 48 commentaire
1482 2474 80 48 en

168 2513 190 57 «dira
294 2513 211 57 assez.
442 2513 147 57 Les
526 2513 232 57 parents
694 2513 168 57 sont
800 2513 295 57 déterminés
1031 2513 105 57 à
1074 2513 126 57 le
1137 2513 190 57 faire
1263 2513 253 57 enterrer
1432 2513 126 57 sans

135 2555 395 69 «scandale...»

120 2584 176 90 3999.
238 2584 176 90 La
355 2584 293 90 Fayette
589 2584 137 90 (le
667 2584 234 90 général,
842 2584 215 90 marquis
998 2584 156 90 de).
1096 2584 117 90 L.
1154 2584 156 90 aut.
1252 2584 176 90 sig.,
1369 2584 98 90 à
1408 2584 117 90 M.
1447 2584 117 90 Tri-

165 2648 213 68 pier.
307 2648 236 68 Paris,
473 2648 118 68 8
520 2648 213 68 avril
662 2648 213 68 1818.
804 2648 118 68 1
851 2648 165 68 gr.
945 2648 142 68 p.
1016 2648 165 68 pl.
1111 2648 142 68 et
1182 2648 213 68 demie
1324 2648 213 68 in-4.
1465 2648 118 68 6
1489 2648 71 68 »

218 2702 124 64 Au
280 2702 186 64 sujet
404 2702 289 64 d’affaires
631 2702 268 64 d’intérêt
837 2702 186 64 entre
961 2702 144 64 MM.
1043 2702 186 64 Labbé
1167 2702 124 64 et
1229 2702 124 64 de
1270 2702 206 64 Suffren.

122 2742 188 81 4000.
247 2742 396 81 Lagrange
581 2742 209 81 (Louis
727 2742 167 81 de),
831 2742 250 81 seigneur
1019 2742 125 81 de
1081 2742 250 81 Trianon,
1269 2742 292 81 conseiller
1478 2742 83 81 du
