1296 2078
578 1 88 50 —
614 1 88 50 4
631 1 53 50 —

356 56 226 89 NAPOLÉON
525 56 132 89 Ier
601 56 113 89 ET
657 56 113 89 SA
695 56 169 89 FAMILLE

152 128 143 72 27796.
252 128 172 72 NAPOLÉON
381 128 115 72 Ier,
453 128 172 72 empereur
582 128 100 72 des
639 128 187 72 Français.
783 128 72 72 —
812 128 86 72 P.
855 128 115 72 sig.
912 128 287 72 Buonaparte

139 178 133 56 avec
223 178 100 56 le
273 178 117 56 mot
340 178 300 56 accepté
590 178 250 56 autographe,
790 178 150 56 comme
890 178 184 56 général
1023 178 100 56 en
1074 178 133 56 chef
1140 178 67 56 de

148 237 157 56 l’armée
262 237 86 56 de
305 237 228 56 l’intérieur,
490 237 71 56 1
518 237 86 56 p.
561 237 128 56 in-4.
647 237 86 56 20
675 237 43 56 »

154 261 146 65 27791.
257 261 175 65 NAPOLÉON
388 261 117 65 Ier.
461 261 88 65 L.
505 261 117 65 sig.
578 261 306 65 Bonaparte
840 261 131 65 comme
928 261 161 65 général
1044 261 88 65 en
1088 261 117 65 chef
1147 261 58 65 de

148 313 181 52 l’armée
279 313 214 52 d’Italie,
444 313 82 52 à
477 313 148 52 Miot;
576 313 99 52 15
625 313 198 52 messidor
774 313 99 52 an
823 313 115 52 IV,
889 313 82 52 1
922 313 99 52 p.
971 313 198 52 in-fol.,
1103 313 99 52 vig.

152 362 73 54 et
188 362 97 54 tête
249 362 109 54 impr.
321 362 73 54 15
346 362 36 54 »

185 360 85 82 Il
227 360 170 82 l’envoie
355 360 71 82 à
383 360 113 82 Rome
454 360 113 82 pour
525 360 170 82 demander
652 360 85 82 au
695 360 113 82 Pape
766 360 85 82 de
808 360 156 82 prendre
922 360 99 82 des
978 360 156 82 mesures
1077 360 128 82 sévères

144 437 153 42 contre
251 437 92 42 la
281 437 153 42 Romagne.

155 438 160 73 27798.
267 438 192 73 NAPOLÉON
411 438 128 73 Ier.
491 438 160 73 Billet
603 438 96 73 de
651 438 80 73 2
683 438 160 73 lignes
794 438 240 73 autographes
986 438 128 73 sig.
1066 438 112 73 B.,
1114 438 96 73 avec

145 497 218 66 parafe,
303 497 178 66 comme
422 497 218 66 général
580 497 119 66 en
640 497 158 66 chef
738 497 119 66 de
798 497 218 66 l’armée
956 497 257 66 d’Egypte,
1134 497 79 66 au

158 535 175 59 lessous
285 535 143 59 d’une
381 535 159 59 lettre
492 535 127 59 aut.
572 535 127 59 sig.
651 535 95 59 de
699 535 111 59 son
763 535 127 59 aide
842 535 95 59 de
890 535 127 59 camp
969 535 255 59 Duroc
1160 535 48 59 à

148 573 230 68 Berthier;
325 573 106 68 le
379 573 177 68 Caire,
503 573 106 68 29
556 573 230 68 thermidor
733 573 106 68 an
786 573 124 68 VI,
857 573 124 68 1/2
928 573 106 68 p.
981 573 195 68 in-fol.
1122 573 106 68 30
1158 573 53 68 »

183 625 232 44 Intéressant
368 625 185 44 document
507 625 108 44 sur
569 625 108 44 les
630 625 154 44 sabres
738 625 201 44 provenant
893 625 93 44 du
939 625 232 44 désarmement
1124 625 93 44 de
1155 625 62 44 la

159 666 119 45 place
238 666 80 45 du
265 666 106 45 Caire.

167 658 147 78 27799.
270 658 177 78 NAPOLÉON
403 658 118 78 Ier.
477 658 88 78 L.
521 658 118 78 sig.
595 658 280 78 Napoléon
831 658 74 78 à
860 658 88 78 un
904 658 206 78 souverain;
1052 658 162 78 Fontaine-

153 729 148 58 bleau,
257 729 89 58 17
301 729 163 58 juillet
419 729 133 58 1805,
508 729 103 58 3/4
567 729 89 58 de
611 729 89 58 p.
656 729 163 58 in-fol.
774 729 89 58 25
804 729 44 58 »

1086 760 95 58 sa
1118 760 95 58 sœur

189 733 148 80 Superbe
296 733 135 80 lettre
390 733 108 80 dans
458 733 162 80 laquelle
579 733 81 80 il
619 733 148 80 annonce
727 733 81 80 la
767 733 175 80 naissance
902 733 121 80 d’une
983 733 121 80 fille
1050 733 54 80 de

139 810 160 49 Caroline.

160 819 142 72 27800.
259 819 170 72 NAPOLÉON
387 819 113 72 Ier.
457 819 85 72 L.
500 819 113 72 sig.
571 819 269 72 Napoléon
797 819 71 72 à
826 819 85 72 un
868 819 198 72 souverain;
1010 819 85 72 camp

152 861 267 78 d’Osterode,
366 861 107 78 29
420 861 143 78 mars
509 861 160 78 1807,
616 861 125 78 1/2
687 861 107 78 p.
741 861 160 78 in-4.
848 861 160 78 Pièce
955 861 267 78 incomplète,
1151 861 71 78 la

161 925 148 50 moitié
265 925 89 50 de
309 925 89 50 la
353 925 148 50 lettre
456 925 133 50 ayant
545 925 103 50 été
604 925 162 50 coupée:
722 925 89 50 la
766 925 192 50 signature
914 925 103 50 est
958 925 133 50 intacte

168 964 70 55 et
203 964 94 55 fort
262 964 117 55 belle.
344 964 59 55 6
356 964 35 55 »

357 988 102 79 27801.
428 988 123 79 NAPOLÉON
521 988 82 79 Ier.
572 988 61 79 L.
602 988 82 79 sig.
654 988 154 79 Nap
776 988 51 79 à
797 988 113 79 Savary;
879 988 184 79 Fontainebleau,
1032 988 51 79 8
1043 988 61 79 oct.

175 1053 79 57 1807,
228 1053 61 57 1/2
263 1053 52 57 p.
289 1053 79 57 in-4.
341 1053 52 57 12
359 1053 26 57 »

390 1061 66 72 Il
423 1061 78 72 lui
467 1061 111 72 envoie
545 1061 111 72 l’état
623 1061 78 72 des
667 1061 122 72 troupes
756 1061 111 72 russes
833 1061 66 72 de
866 1061 66 72 la
900 1061 133 72 garnison
999 1061 66 72 de
1033 1061 133 72 Cattaro.
1121 1061 100 72 «Solde,

385 1125 114 46 argent,
468 1125 114 46 vivres,
551 1125 83 46 j’ai
603 1125 114 46 ordonné
686 1125 94 46 qu’on
749 1125 73 46 lui
790 1125 114 46 fournit
873 1125 83 46 tout
915 1125 156 46 abondamment.»

365 1154 58 62 27802.
406 1154 70 62 NAPOLÉON
459 1154 47 62 Ier.
488 1154 64 62 Lettres
534 1154 35 62 de
552 1154 58 62 grâce,
593 1154 41 62 sur
616 1154 58 62 vélin,
657 1154 47 62 sig.
686 1154 105 62 Napol.
768 1154 35 62 Fon-

373 1196 174 70 tainebleau,
512 1196 104 70 1807,
582 1196 58 70 1
605 1196 69 70 p.
640 1196 116 70 double
721 1196 127 70 in-fol.
813 1196 127 70 oblong.
906 1196 58 70 6
917 1196 35 70 »

360 1218 102 93 27803.
431 1218 123 93 NAPOLÉON
523 1218 82 93 Ier.
574 1218 61 93 L.
605 1218 82 93 sig.
656 1218 163 93 Napo
789 1218 51 93 à
809 1218 92 93 Rapp;
870 1218 184 93 Fontainebleau,
1024 1218 51 93 3
1034 1218 61 93 nov.

181 1293 66 61 1809,
225 1293 51 61 1/2
254 1293 44 61 p.
276 1293 66 61 in-4.
319 1293 44 61 20
334 1293 22 61 »

205 1299 112 71 Pièce
279 1299 186 71 historique.
428 1299 75 71 Il
466 1299 87 71 lui
515 1299 149 71 témoigne
627 1299 87 71 son
677 1299 224 71 mécontentement
863 1299 75 71 de
900 1299 75 71 la
938 1299 174 71 circulaire
1062 1299 87 71 qu’il

168 1358 60 43 a
192 1358 108 43 faite
264 1358 84 43 sur
312 1358 156 43 l’affaire
433 1358 72 43 de
469 1358 169 43 Schœnbrunn
601 1358 181 43 (l’attentat
746 1358 120 43 contre
830 1358 169 43 Napoléon).
962 1358 84 43 «Je
1011 1358 72 43 ne
1035 1358 96 43 recon-

168 1391 111 48 nais
238 1391 97 48 pas
293 1391 84 48 là
335 1391 125 48 votre
419 1391 167 48 prudence
530 1391 181 48 ordinaire.»

179 1425 131 61 27804.
271 1425 158 61 NAPOLÉON
389 1425 105 61 Ier.
455 1425 171 61 Apostille
586 1425 105 61 sig.
652 1425 158 61 N
770 1425 79 61 en
810 1425 118 61 marge
888 1425 105 61 d’un
954 1425 158 61 rapport,
1072 1425 66 61 1
1085 1425 53 61 p.

176 1474 121 54 in-fol.
264 1474 55 54 5
275 1474 33 54 »

171 1502 155 65 27805.
280 1502 186 65 NAPOLÉON
420 1502 124 65 III,
497 1502 186 65 empereur
637 1502 109 65 des
699 1502 202 65 Français.
854 1502 78 65 —
885 1502 93 65 P.
931 1502 109 65 s.,
993 1502 78 65 2
1024 1502 93 65 p.
1071 1502 109 65 1/4
1117 1502 109 65 in

1107 1552 77 52 25
1133 1552 38 52 »

210 1585 180 59 Fragment,
349 1585 125 59 écrit
432 1585 111 59 pour
501 1585 83 59 un
542 1585 166 59 amateur,
667 1585 125 59 d’une
750 1585 138 59 lettre
847 1585 97 59 sur
902 1585 83 59 le
943 1585 249 59 rétablissement
1151 1585 83 59 de
1179 1585 55 59 la

179 1632 138 49 statue
276 1632 83 49 de
317 1632 193 49 l’Empereur
468 1632 96 49 sur
523 1632 83 49 la
565 1632 151 49 colonne
675 1632 165 49 Vendôme.
799 1632 124 49 Pièce
881 1632 110 49 fort
937 1632 151 49 curieuse.

172 1667 168 51 27806.
290 1667 202 51 NAPOLÉON
441 1667 134 51 III.
525 1667 168 51 Billet
643 1667 101 51 de
693 1667 84 51 6
727 1667 168 51 lignes
844 1667 252 51 autographes
1046 1667 101 51 au
1080 1667 151 51 crayon;

187 1716 280 50 Saint-Cloud,
414 1716 175 50 1865),
536 1716 122 50 1/2
606 1716 105 50 p.
659 1716 157 50 in-8,
764 1716 175 50 papier
886 1716 87 50 à
921 1716 122 50 son
991 1716 227 50 initiale.
1166 1716 87 50 5
1184 1716 52 50 »

168 1749 152 59 27807.
274 1749 228 59 BEAUHARNAIS
456 1749 243 59 (Joséphine),
654 1749 228 59 impératrice
836 1749 106 59 des
897 1749 198 59 Français.
1049 1749 76 59 —
1064 1749 61 59 L.

171 1803 127 52 aut.
250 1803 127 52 sig.
330 1803 254 52 Lapagerie
536 1803 285 52 Bonaparte;
773 1803 95 52 14
821 1803 222 52 fructidor,
995 1803 79 52 1
1027 1803 95 52 p.
1075 1803 111 52 pl.
1122 1803 111 52 in

175 1840 131 60 Jolie
263 1840 160 60 lettre.
379 1840 87 60 Un
423 1840 102 60 mot
481 1840 145 60 coupé.
582 1840 87 60 25
611 1840 44 60 »

179 1868 157 76 27808.
289 1868 236 76 BEAUHARNAIS
478 1868 205 76 (Eugène),
636 1868 189 76 vice-roi
777 1868 205 76 d’Italie.
935 1868 79 76 —
966 1868 94 76 P.
1014 1868 110 76 s.;
1077 1868 142 76 1821,
1155 1868 79 76 1/2

188 1933 59 54 p.
218 1933 89 54 in-4.
277 1933 49 54 2
287 1933 39 54 50

46 1953 178 76 27809.
171 1953 231 76 BONAPARTE
349 1953 249 76 (Letitia),
545 1953 142 76 mère
634 1953 107 76 de
687 1953 214 76 Napoléon
847 1953 142 76 Ier.
936 1953 89 76 —
972 1953 107 76 L.
1025 1953 125 76 s.,
1097 1953 142 76 avec
1168 1953 71 76 la
