1495 2990
53 167 136 87 au
121 167 227 87 prince
280 167 227 87 Louis,
439 167 159 87 son
530 167 227 87 neveu.
689 167 227 87 Paris,
847 167 136 87 14
915 167 272 87 ventôse,
1120 167 136 87 an
1188 167 204 87 XIII.
1301 167 159 87 Demi-

-23 238 790 62 page
471 238 888 62 in-4.
1063 238 494 62 2
1162 238 296 62 »

8 274 184 69 2848.
130 274 389 69 Foissac,
458 274 102 69 a
499 274 184 69 écrit
622 274 143 69 sur
704 274 123 69 le
765 274 307 69 magnétisme.
1011 274 123 69 L.
1072 274 164 69 aut.
1174 274 184 69 sig.,
1297 274 123 69 au
1338 274 123 69 doc-

48 340 226 49 teur
189 340 310 49 Double.
414 340 282 49 Paris,
612 340 169 49 20
696 340 254 49 avril
866 340 254 49 1828.
1035 340 141 49 1
1091 340 169 49 p.
1176 340 254 49 in-8.
1345 340 141 49 3
1373 340 85 49 »

103 381 127 68 Il
166 381 149 68 lui
251 381 255 68 rappelle
442 381 149 68 que
527 381 191 68 c’est
655 381 191 68 mardi
782 381 276 68 prochain,
994 381 127 68 22
1058 381 212 68 avril,
1206 381 106 68 à
1249 381 170 68 midi
1334 381 127 68 cinq

56 434 248 62 minutes,
242 434 144 62 que
325 434 186 62 Cazot
449 434 165 62 doit
552 434 186 62 avoir
676 434 124 62 un
738 434 186 62 accès
861 434 330 62 d’épilepsie.
1130 434 124 62 Il
1192 434 124 62 en
1254 434 103 62 a
1274 434 186 62 prévenu

56 481 181 57 tous
170 481 159 57 les
260 481 249 57 membres
441 481 136 57 de
509 481 136 57 la
577 481 317 57 commission
827 481 136 57 du
895 481 340 57 magnétisme,
1166 481 136 57 en
1234 481 159 57 les
1302 481 159 57 enga-

53 537 192 50 geant
180 537 106 50 à
223 537 128 50 se
287 537 234 50 trouver
457 537 128 50 au
521 537 256 50 domicile
713 537 128 50 de
777 537 213 50 Cazot,
926 537 170 50 pour
1032 537 256 50 vérifier
1224 537 128 50 de
1266 537 192 50 nouveau

54 582 317 59 l’exactitude
312 582 119 59 de
372 582 139 59 ses
451 582 298 59 prévisions.
689 582 119 59 Il
749 582 139 59 s’y
828 582 198 59 rendra
967 582 179 59 aussi
1086 582 99 59 à
1126 582 218 59 l’heure
1265 582 198 59 précise,

57 630 176 62 afin
167 630 132 62 de
233 630 132 62 le
298 630 219 62 mettre
452 630 132 62 en
518 630 373 62 somnambulisme
825 630 197 62 après
935 630 263 62 l’attaque.

6 668 170 69 2849.
120 668 398 69 Fontanelle
460 668 435 69 (Julia-S-E.
839 668 151 69 de),
934 668 227 69 médecin,
1104 668 246 69 chimiste,
1294 668 189 69 poëte.
1407 668 57 69 —

56 719 126 51 1°
119 719 126 51 L.
182 719 168 51 aut.
287 719 189 51 sig.,
414 719 105 51 à
456 719 126 51 M.
519 719 126 51 de
582 719 253 51 Villèle.
772 719 210 51 Paris,
919 719 126 51 14
982 719 232 51 janvier
1150 719 189 51 1828.
1277 719 105 51 1
1319 719 126 51 p.
1361 719 105 51 in-

58 771 140 57 fol.
146 771 88 57 —
181 771 105 57 2°
234 771 211 57 Huile
392 771 105 57 de
445 771 228 57 chou
620 771 140 57 aut.
708 771 88 57 2
743 771 105 57 p.
796 771 123 57 pl.
866 771 193 57 in-fol.
1007 771 88 57 —
1042 771 105 57 3°
1094 771 263 57 Epitaphe
1287 771 176 57 pour

55 817 198 56 le
187 817 242 56 général
363 817 330 56 Desaix
626 817 110 56 8
670 817 176 56 vers
780 817 176 56 aut.
890 817 176 56 sig.
1000 817 286 56 Demi-page
1219 817 220 56 in-12.
1373 817 110 56 3
1395 817 66 56 »

8 863 182 69 2850.
129 863 383 69 Fontaney
452 863 141 69 (J.
533 863 161 69 de),
633 863 242 69 jésuite,
815 863 283 69 astronome.
1037 863 121 69 L.
1098 863 182 69 sig.,
1219 863 121 69 au
1279 863 121 69 R.
1340 863 121 69 P.
1380 863 81 69 du

55 911 151 71 Ru.
142 911 130 71 La
207 911 238 71 Flèche,
380 911 130 71 22
445 911 173 71 mars
553 911 195 71 1709.
683 911 108 71 1
726 911 130 71 p.
791 911 151 71 pl.
878 911 130 71 et
943 911 216 71 quart.
1094 911 195 71 petit
1224 911 195 71 in-4.
1354 911 108 71 2
1375 911 87 71 50

100 959 135 59 Au
168 959 203 59 sujet
303 959 135 59 de
371 959 135 59 la
439 959 180 59 mort
552 959 135 59 du
619 959 203 59 frère
754 959 226 59 Urbain
912 959 135 59 de
980 959 135 59 La
1025 959 158 59 Tour.

6 1002 199 64 2851.
138 1002 486 64 Freyszmuth,
558 1002 309 64 chimiste..
801 1002 132 64 L.
867 1002 177 64 aut.
977 1002 199 64 sig.,
1110 1002 110 64 à
1154 1002 132 64 M.
1198 1002 265 64 Lemercier,

57 1054 281 61 chimiste.
273 1054 238 61 Prague,
446 1054 130 61 20
511 1054 238 61 février
684 1054 194 61 1817.
814 1054 108 61 2
857 1054 130 61 p.
922 1054 194 61 in-4.
1051 1054 367 61 Scientifique.
1354 1054 108 61 2
1376 1054 86 61 50

9 1103 184 62 2852.
131 1103 326 62 Fusz,
396 1103 367 62 mathématicien.
702 1103 122 62 L.
763 1103 163 62 aut.
865 1103 163 62 sig.
967 1103 143 62 (en
1049 1103 286 62 allemand).
1273 1103 102 62 1
1314 1103 122 62 p.
1355 1103 102 62 pl.

-61 1153 1244 49 in-8.
768 1153 691 49 1
906 1153 553 49 50

7 1178 190 71 2853.
133 1178 379 71 Garampi
449 1178 253 71 (Joseph,
639 1178 190 71 comte
766 1178 169 71 de),
871 1178 190 71 garde
997 1178 148 71 des
1082 1178 253 71 archives
1271 1178 126 71 du
1313 1178 148 71 Vati

56 1241 165 59 can,
160 1241 227 59 savant.
325 1241 124 59 L.
387 1241 165 59 aut.
490 1241 186 59 sig.,
614 1241 103 59 à
655 1241 207 59 l’abbé
800 1241 227 59 Mercier
965 1241 124 59 de
1027 1241 331 59 Saint-Léger,
1275 1241 186 59 biblio-

57 1295 247 78 thécaire
243 1295 124 78 de
305 1295 433 78 Sainte-Geneviève.
676 1295 186 78 Rome,
799 1295 124 78 14
861 1295 227 78 février
1026 1295 186 78 1765.
1150 1295 103 78 3
1191 1295 124 78 p.
1253 1295 144 78 pl.
1315 1295 144 78 in

-50 1343 1383 71 Cachet.
956 1343 629 71 5
1082 1343 377 71 »

104 1381 188 92 Belle
229 1381 209 92 lettre
376 1381 418 92 bibliographique.
730 1381 125 92 Il
793 1381 104 92 y
835 1381 104 92 a
877 1381 167 92 près
981 1381 125 92 de
1044 1381 125 92 la
1106 1381 313 92 suscription
1336 1381 125 92 sept

55 1421 237 69 petites
228 1421 215 69 lignes
378 1421 129 69 de
443 1421 129 69 la
507 1421 172 69 main
615 1421 129 69 de
680 1421 237 69 Mercier
852 1421 129 69 de
895 1421 301 69 Saint

6 1469 205 73 2854.
143 1469 319 73 Garnier
393 1469 159 73 des
484 1469 341 73 Chesnes
757 1469 524 73 (Emmanuel-Hilaire),
1213 1469 228 73 ancien
1349 1469 114 73 no

58 1532 175 57 taire
174 1532 97 57 à
213 1532 195 57 Paris,
350 1532 97 57 a
389 1532 214 57 traduit
545 1532 117 57 en
603 1532 156 57 vers
701 1532 175 57 La
818 1532 214 57 Coutume
974 1532 117 57 de
1032 1532 273 57 Paris
1247 1532 117 57 Né
1305 1532 97 57 à
1325 1532 136 57 Mont-

56 1579 211 62 pellier
209 1579 423 62 (iHérault)
574 1579 115 62 L.
632 1579 154 62 aut.
728 1579 173 62 sig.,
843 1579 96 62 à
882 1579 115 62 M.
939 1579 211 62 Nardot.
1093 1579 192 62 Paris,
1228 1579 115 62 15
1266 1579 192 62 floréal,

36 1629 237 48 an
155 1629 316 48 XII.
353 1629 198 48 3
432 1629 237 48 p.
551 1629 277 48 pl.
709 1629 237 48 et
827 1629 356 48 quart
1065 1629 356 48 in-4.
1302 1629 198 48 3
1341 1629 119 48 »

7 1675 187 70 2855.
132 1675 394 70 Garnier,
464 1675 249 70 médecin,
651 1675 291 70 botaniste.
879 1675 125 70 L.
941 1675 166 70 aut.
1045 1675 166 70 sig.
1149 1675 208 70 Nîmes,
1294 1675 125 70 12
1335 1675 125 70 mars

34 1721 368 80 1808.
279 1721 204 80 3
361 1721 245 80 p.
484 1721 286 80 pl.
647 1721 245 80 et
770 1721 368 80 demie
1015 1721 368 80 in-4.
1260 1721 204 80 2
1301 1721 163 80 50

100 1768 241 55 Demande
276 1768 132 55 de
341 1768 241 55 plantes
517 1768 132 55 et
583 1768 132 55 de
648 1768 219 55 fleurs
780 1768 263 55 diverses..

5 1793 195 82 2856.
136 1793 413 82 Genssane
483 1793 195 82 (de),
613 1793 282 82 directeur
830 1793 152 82 des
917 1793 195 82 mines
1047 1793 130 82 du
1113 1793 304 82 Languedoc,
1330 1793 130 82 mem

53 1864 151 84 bre
140 1864 130 84 de
205 1864 130 84 la
270 1864 238 84 Société
443 1864 216 84 rovale
594 1864 151 84 des
681 1864 281 84 Sciences.
897 1864 130 84 L.
962 1864 173 84 aut.
1070 1864 195 84 sig.,
1200 1864 108 84 à
1243 1864 130 84 M.
1286 1864 173 84 Ville-

46 1912 254 52 fort,
215 1912 169 52 en
300 1912 367 52 Cévennes,
582 1912 169 52 34
667 1912 198 52 mai
780 1912 254 52 1780.
950 1912 141 52 2
1006 1912 169 52 p.
1091 1912 311 52 in-fol.
1317 1912 141 52 2
1345 1912 113 52 50

6 1950 176 68 2857.
124 1950 353 68 Gérando
418 1950 137 68 (le
496 1950 176 68 baron
614 1950 157 68 de),
712 1950 216 68 savant,
869 1950 196 68 membre
1006 1950 118 68 de
1065 1950 294 68 l’Institut.
1300 1950 118 68 L.
1339 1950 118 68 aut.

53 2013 181 51 sig.,
174 2013 121 51 au
234 2013 221 51 général
395 2013 121 51 de
455 2013 262 51 Cubières.
656 2013 201 51 Paris,
797 2013 101 51 8
837 2013 161 51 fév.
938 2013 181 51 1831.
1059 2013 101 51 2
1099 2013 121 51 p.
1159 2013 141 51 pl.
1240 2013 181 51 in-4.
1360 2013 101 51 2
1381 2013 80 51 50

4 2051 192 68 2858.
132 2051 406 68 Gergonne
474 2051 256 68 (J.-D.),
666 2051 299 68 professeur
901 2051 342 68 d’astronomie
1179 2051 107 68 à
1222 2051 128 68 la
1265 2051 192 68 Faculté

54 2096 141 69 des
134 2096 241 69 Sciences
315 2096 120 69 de
375 2096 321 69 Montpellier,
636 2096 261 69 rédacteur
837 2096 141 69 des
917 2096 281 69 Annales
1138 2096 120 69 de
1178 2096 281 69 Mathéma

54 2150 337 83 tiques
335 2150 112 83 L.
391 2150 150 83 aut.
484 2150 168 83 sig.,
597 2150 112 83 au
653 2150 224 83 ministre
821 2150 131 83 des
896 2150 243 83 finances.
1083 2150 299 83 Montpellier,
1326 2150 112 83 21
1363 2150 94 83 dé-

45 2202 300 48 cembre
255 2202 270 48 1816.
435 2202 150 48 3
495 2202 210 48 gr.
615 2202 180 48 p.
705 2202 210 48 pl.
825 2202 180 48 et
915 2202 270 48 quart
1095 2202 330 48 in-fol.
1335 2202 150 48 3
1365 2202 90 48 »

5 2238 176 62 2859.
123 2238 333 62 Gillot
397 2238 274 62 (Germain),
613 2238 216 62 docteur
770 2238 118 62 de
829 2238 255 62 Sorbonne.
1025 2238 196 62 Quitt.
1162 2238 157 62 sig.
1260 2238 157 62 (sur
1338 2238 118 62 par

44 2293 529 51 chemin).
441 2293 264 51 18
573 2293 573 51 septembre
1013 2293 397 51 1681.
1278 2293 220 51 2
1322 2293 132 51 »

1 2332 193 61 2860.
129 2332 364 61 Girard
429 2332 407 61 (Pierre-Simon),
772 2332 278 61 ingénieur
986 2332 129 61 en
1050 2332 171 61 chef
1157 2332 150 61 des
1221 2332 236 61 Ponts-

49 2388 303 66 Chaussées,
287 2388 216 66 membre
439 2388 130 66 de
504 2388 303 66 l’Académie
741 2388 151 66 des
828 2388 281 66 Sciences.
1044 2388 108 66 —
1087 2388 130 66 1°
1152 2388 130 66 L.
1217 2388 173 66 aut.
1304 2388 151 66 sig.,

48 2435 130 64 25
113 2435 151 64 mai
200 2435 195 64 1820.
330 2435 108 64 2
373 2435 130 64 p.
438 2435 195 64 in-8.
568 2435 108 64 —
611 2435 130 64 2°
676 2435 130 64 L.
741 2435 130 64 s.
806 2435 216 64 Paris,
957 2435 130 64 an
1022 2435 173 64 XII.
1130 2435 108 64 2
1174 2435 130 64 p.
1239 2435 195 64 in-4.
1368 2435 108 64 2
1390 2435 65 64 »

3 2477 177 74 2861.
121 2477 314 74 Gosse
377 2477 373 74 (Henri-Albert),
691 2477 236 74 chimiste
868 2477 255 74 genévois.
1064 2477 157 74 Cinq
1162 2477 216 74 lettres
1319 2477 118 74 a.
1359 2477 98 74 s.,

50 2533 132 51 au
116 2533 241 51 citoyen
292 2533 198 51 Bosc.
423 2533 241 51 Genève,
599 2533 176 51 1794
709 2533 110 51 à
753 2533 198 51 1796.
884 2533 285 51 Ensemble.
1104 2533 110 51 8
1148 2533 132 51 p.
1214 2533 198 51 in-4.
1345 2533 110 51 7
1367 2533 88 51 50

1 2579 208 65 2862.
139 2579 323 65 Gouvion
394 2579 416 65 Saint-Cyr,
740 2579 277 65 maréchal
948 2579 139 65 de
1017 2579 254 65 France.
1202 2579 115 65 —
1248 2579 139 65 1°
1294 2579 162 65 Frag

53 2618 170 67 ment
159 2618 170 67 aut.
265 2618 127 67 de
328 2618 148 67 ses
413 2618 276 67 mémoires.
625 2618 106 67 2
668 2618 148 67 gr.
752 2618 127 67 p.
816 2618 148 67 pl.
901 2618 233 67 in-fol.
1070 2618 106 67 —
1113 2618 127 67 2°
1176 2618 127 67 Sa
1219 2618 233 67 signatnre

-1 2677 947 55 découpée.
728 2677 656 55 1818.
1165 2677 364 55 6
1237 2677 219 55 »

2 2712 181 68 2863
116 2712 363 68 Grandjean
410 2712 136 68 de
478 2712 340 68 Fouchy,
750 2712 317 68 secrétaire
1000 2712 295 68 perpétuel
1226 2712 136 68 de
1272 2712 181 68 l’Aca-

54 2773 189 71 démie
180 2773 147 71 des
264 2773 273 71 Sciences.
474 2773 231 71 Extrait
642 2773 126 71 du
705 2773 252 71 registre
893 2773 126 71 de
956 2773 294 71 l’Académie
1187 2773 147 71 des
1250 2773 210 71 Sciences
