1585 3044
626 153 216 75 EN
698 153 252 75 VENTE

287 214 161 76 A
351 214 193 76 LA
448 214 419 76 LIBRAIRIE
770 214 193 76 DE
867 214 193 76 J.
931 214 355 76 TECHENER,

539 277 147 63 RUE
623 277 126 63 DE
686 277 336 63 L’ARBRE-SEC,
938 277 105 63 52.

416 362 706 114 CORRESPONDANCE

678 457 203 59 ENTRE

489 538 177 74 1

-10 541 1483 112 <b>DOTAUHETRAUA</b>

694 641 140 60 ET

511 680 518 113 BROSSETTE</b>

485 791 209 54 Avocat
632 791 126 54 au
694 791 272 54 Parlement
904 791 126 54 de
946 791 147 54 Lyon.

376 844 252 56 PUBLIÉE
560 844 161 56 SUR
651 844 161 56 LES
743 844 321 56 MANUSCRITS
973 844 252 56 ORIGINAUX

491 889 189 84 PAR
599 889 296 84 AUGUSTE
788 889 270 84 LAVERDET

255 951 512 99 INTRODUCTION
671 951 224 99 PAR
799 951 192 99 M.
894 951 288 99 JULES
1054 951 256 99 JANIN.

366 1036 237 53 <i>Première
556 1036 174 53 édition
682 1036 205 53 complète,
840 1036 95 53 en
887 1036 158 53 partie
982 1036 221 53 inédite</i>.

84 1081 103 76 Un
135 1081 172 76 volume
256 1081 138 76 in-8
342 1081 103 76 de
394 1081 155 76 XXXII
497 1081 86 76 —
532 1081 121 76 608
601 1081 172 76 pages,
722 1081 138 76 avec
808 1081 121 76 six
877 1081 259 76 fac-simile,
1084 1081 103 76 et
1135 1081 103 76 la
1187 1081 241 76 généalogie
1377 1081 103 76 de
1411 1081 69 76 la

520 1133 193 64 famille
661 1133 106 64 de
714 1133 193 64 Boileau
837 1133 211 64 Despréaux.

577 1180 320 57 >GO

308 1224 334 64 SOMMAIRE
559 1224 167 64 DU
642 1224 306 64 CONTENU
865 1224 167 64 DE
949 1224 167 64 CE
1004 1224 251 64 VOLUME:

363 1279 271 62 (COMPLÉMENT
580 1279 127 62 DES
652 1279 199 62 ŒEUVRES
797 1279 109 62 DE
851 1279 199 62 BOILEAU
978 1279 235 62 DESPRÉAUX.)

55 1321 246 73 PREMIÈRE
240 1321 205 73 PARTIE
384 1321 246 73 (Premier
568 1321 205 73 volume
712 1321 123 73 du
773 1321 308 73 manuscrit).
1019 1321 103 73 —
1060 1321 369 73 Correspondance
1347 1321 144 73 entre

101 1375 212 64 Boileau
255 1375 250 64 Despréaux
448 1375 116 64 et
505 1375 250 64 Brossette
698 1375 270 64 (contenant
910 1375 366 64 soixante-quinze
1218 1375 212 64 lettres
1353 1375 135 64 auto-

98 1430 215 57 graphes
255 1430 215 57 signées
411 1430 117 57 de
470 1430 215 57 Boileau
607 1430 254 57 Despréaux).

840 1434 96 43 —
878 1434 173 43 Arrêt
993 1434 115 43 de
1051 1434 231 43 noblesse
1224 1434 115 43 de
1282 1434 115 43 la
1320 1434 173 43 famille

98 1480 119 45 de
158 1480 219 45 Boileau
317 1480 278 45 Despréaux.
536 1480 99 45 —
575 1480 239 45 Sentence
754 1480 139 45 des
834 1480 239 45 requêtes
1013 1480 119 45 du
1072 1480 199 45 Palais
1212 1480 139 45 sur
1291 1480 119 45 le
1331 1480 159 45 procès

101 1514 109 47 du
155 1514 200 47 Lutrin.
301 1514 91 47 —
337 1514 200 47 Lettres
482 1514 109 47 et
537 1514 182 47 pièces
664 1514 109 47 de
719 1514 200 47 divers.
864 1514 91 47 —
900 1514 236 47 Testament
1082 1514 109 47 de
1137 1514 200 47 Boileau
1264 1514 218 47 Despréaux.

58 1561 224 56 DEUXIÊME
226 1561 205 56 PARTIE,
376 1561 112 56 ou
432 1561 392 56 <i>Supplément</i>
767 1561 243 56 (deuxième
954 1561 187 56 volume
1085 1561 112 56 du
1141 1561 261 56 manuscrit)
1327 1561 168 56 compre-

101 1601 148 48 nant
193 1601 129 48 les
267 1601 203 48 papiers
415 1601 111 48 de
470 1601 203 48 Boileau
618 1601 240 48 Despréaux
803 1601 203 48 laissés
951 1601 92 48 à
988 1601 111 48 sa
1043 1601 166 48 iort,
1154 1601 111 48 et
1210 1601 185 48 donnés
1339 1601 92 48 à
1358 1601 129 48 Bros-

97 1643 182 57 sette
218 1643 141 57 par
299 1643 202 57 l’abbé
440 1643 242 57 Boileau,
622 1643 141 57 son
703 1643 202 57 frère.
844 1643 101 57 —
884 1643 141 57 Les
965 1643 182 57 Héros
1086 1643 121 57 du
1147 1643 202 57 Roman,
1268 1643 222 57 dialogue.

93 1685 106 46 —
135 1685 169 46 Deux
241 1685 275 46 Épitaphes
453 1685 127 46 de
516 1685 233 46 Racine.
686 1685 106 46 —
728 1685 233 46 Réponse
897 1685 106 46 à
940 1685 127 46 un
1003 1685 233 46 mémoire
1172 1685 127 46 de
1236 1685 212 46 Claude
1363 1685 127 46 Per-

99 1723 186 60 rault.
229 1723 93 60 —
266 1723 223 60 Lettres:
433 1723 111 60 au
489 1723 167 60 comte
600 1723 111 60 de
656 1723 223 60 Vivonne;
823 1723 93 60 à
860 1723 241 60 Maucroix;
1046 1723 93 60 a
1083 1723 186 60 Racine
1213 1723 148 60 (dix
1287 1723 204 60 lettres);

93 1765 101 54 à
133 1765 203 54 Madame
275 1765 243 54 Manchon,
457 1765 122 54 sa
518 1765 182 54 sœur;
640 1765 101 54 à
680 1765 203 54 Madame
822 1765 122 54 la
883 1765 243 54 marquise
1065 1765 122 54 de
1126 1765 263 54 Villette;
1328 1765 101 54 à
1369 1765 122 54 M.
1409 1765 81 54 de

97 1804 124 61 La
159 1804 269 61 Chapelle,
367 1804 145 61 son
450 1804 187 61 neveu
574 1804 166 61 (dix
678 1804 269 61 lettres);
885 1804 104 61 à
926 1804 124 61 M.
989 1804 124 61 le
1051 1804 187 61 comte
1175 1804 124 61 de
1237 1804 269 61 Maurepas;
1424 1804 62 61 à

87 1850 118 49 M.
146 1850 118 49 de
206 1850 355 49 Pontchartrain;
501 1850 99 49 à
541 1850 118 49 M.
600 1850 197 49 l’abbé
738 1850 217 49 Bignon;
896 1850 99 49 à
935 1850 118 49 M.
994 1850 118 49 le
1053 1850 177 49 comte
1172 1850 118 49 de
1231 1850 177 49 Revel
1349 1850 138 49 sur
1408 1850 79 49 le

97 1896 207 53 combat
242 1896 124 53 de
304 1896 248 53 Crémone;
490 1896 103 53 à
531 1896 124 53 M.
593 1896 124 53 Le
655 1896 248 53 Verrier;
841 1896 103 53 à
883 1896 310 53 Destouches;
1131 1896 124 53 au
1193 1896 165 53 père
1275 1896 207 53 Thoulier

86 1931 187 54 (trois
217 1931 243 54 lettres),
404 1931 168 54 etc.,
517 1931 206 54 etc...;
666 1931 225 54 Maucroix
835 1931 94 54 à
872 1931 243 54 Despréaux
1060 1931 168 54 (cinq
1172 1931 243 54 lettres);
1340 1931 150 54 Racine

86 1977 98 52 à
126 1977 273 52 Despréaux;
340 1977 117 52 le
399 1977 156 52 père
496 1977 234 52 Bouhours
672 1977 98 52 à
711 1977 273 52 Despréaux,
926 1977 176 52 etc.,
1043 1977 156 52 etc.
1141 1977 98 52 —
1180 1977 195 52 Pièces
1316 1977 117 52 de
1355 1977 137 52 vers:

91 2017 304 56 Epigrammes;
334 2017 223 56 Chanson
496 2017 101 56 à
537 2017 203 56 boire;
678 2017 223 56 Enigme;
841 2017 223 56 Parodie
1003 2017 284 56 burlesque;
1226 2017 243 56 Réponses
1388 2017 101 56 aux

294 2063 239 48 Trévoux;
473 2063 279 48 Quatrains;
693 2063 179 48 etc.,
812 2063 159 48 etc.
912 2063 159 48 Frag
1012 2063 159 48 nent
1111 2063 159 48 d'un
1211 2063 239 48 prologue
1370 2063 120 48 d’o-

95 2059 227 68 jésuites
246 2059 76 68 de

70 2102 235 54 péra.....

295 2095 227 64 Préface
460 2095 165 64 pour
563 2095 124 64 la
625 2095 206 64 Satire
770 2095 165 64 XII;
873 2095 186 64 Notes
996 2095 165 64 pour
1099 2095 371 64 l’intelligence
1388 2095 103 64 des

95 2143 186 54 œuvres
225 2143 223 54 diverses
393 2143 111 54 de
448 2143 260 54 Despréaux,
653 2143 130 54 sur
727 2143 111 54 la
783 2143 204 54 préface
931 2143 111 54 de
987 2143 242 54 l’édition
1173 2143 149 54 in-4
1266 2143 111 54 de
1303 2143 130 54 1701.

45 2187 246 53 TROISIÊME
234 2187 208 53 PARTIE,
386 2187 114 53 ou
443 2187 398 53 <i>Appendice</i>.
783 2187 95 53 —
821 2187 227 53 Mémoires
992 2187 114 53 de
1049 2187 265 53 Brossette,
1257 2187 133 53 sur
1314 2187 170 53 Boileau

87 2233 275 48 Despréaux,
304 2233 216 48 d’après
461 2233 138 48 les
540 2233 256 48 fragments
736 2233 256 48 originaux
933 2233 256 48 conservés
1130 2233 98 48 a
1169 2233 118 48 la
1209 2233 275 48 Bibliothèque

64 2276 245 52 Impériale.

355 2277 220 46 Lettres
515 2277 120 46 de
575 2277 120 46 M.
636 2277 120 46 A.
696 2277 260 46 Péricaud,
896 2277 120 46 et
956 2277 341 46 dissertation,
1237 2277 120 46 au
1297 2277 180 46 sujet
1397 2277 80 46 de

195 2327 168 42 —

66 2317 226 54 Brossette.

338 2316 177 51 Table
457 2316 276 51 analytique
673 2316 138 51 des
752 2316 177 51 noms,
870 2316 138 51 des
949 2316 197 51 lieux,
1087 2316 177 51 etc.,
1205 2316 177 51 cités
1323 2316 158 51 dans
1402 2316 79 51 la

92 2362 350 61 correspondance
383 2362 175 61 entre
500 2362 214 61 Boileau
655 2362 253 61 Despréaux
850 2362 117 61 et
889 2362 233 61 Brossette.

318 2408 186 58 papier
448 2408 167 58 carré
541 2408 149 58 vélin.

1301 2395 121 69 10
1341 2395 101 69 fr.

189 2405 133 66 Prix,

651 2419 92 47 6

314 2453 187 57 papier
445 2453 168 57 grand
557 2453 187 57 raisin
669 2453 149 57 vélin.

1311 2454 113 52 15
1349 2454 94 52 fr.

917 2466 181 58 6
954 2466 108 58 »

1172 2464 124 61 6
1197 2464 74 61 »

319 2502 183 52 papier
447 2502 165 52 grand
557 2502 183 52 raisin
667 2502 146 52 vergé.

1305 2496 121 57 15
1345 2496 101 57 fr.

1180 2514 93 31 ★

949 2503 84 50 ★

872 2515 52 37 0</b>

199 2530 156 64 Il
251 2530 78 64 a

303 2514 140 79 été
383 2514 160 79 tiré
483 2514 279 79 vingt-cinq
702 2514 299 79 exemplaires
941 2514 140 79 sur
1021 2514 199 79 papier
1140 2514 140 79 grand

86 2589 182 49 raisin
213 2589 164 49 fort,
323 2589 182 49 vergé,
450 2589 255 49 numérotés,
651 2589 146 49 avec
742 2589 164 49 titre
851 2589 200 49 imprimé
997 2589 146 49 noir
1088 2589 109 49 et
1124 2589 146 49 rouge,

82 2624 109 62 et
136 2624 182 62 collés
264 2624 164 62 après
355 2624 274 62 l’impression.

1308 2599 120 84 30
1348 2599 100 84 fr.

559 2631 188 55 ★p*>

995 2631 128 52 6
1071 2631 128 52 6
1123 2631 128 52 6
1174 2631 128 52 »
1199 2631 77 52 »

827 2632 81 44 6

47 2661 241 58 L’épitaphe
236 2661 103 58 de
288 2661 172 58 Racine
408 2661 120 58 par
477 2661 189 58 Boileau
614 2661 241 58 Despréaux,
803 2661 224 58 conservée
975 2661 138 58 dans
1061 2661 206 58 l’Église
1199 2661 275 58 Saint-

84 2718 203 49 du-Mont,
237 2718 102 49 et
287 2718 237 49 reproduite
474 2718 136 49 dans
559 2718 102 49 ce
610 2718 186 49 volume,
745 2718 85 49 a
779 2718 119 49 été
847 2718 153 49 tirée
949 2718 85 49 à
982 2718 153 49 part,
1084 2718 136 49 pour
1169 2718 119 49 les
1237 2718 153 49 trois
1321 2718 153 49 papiers

73 2748 158 64 grand
179 2748 193 64 raisin,
302 2748 211 64 seulement.

241 2848 171 62 Paris.
361 2848 85 62 —
395 2848 256 62 Typographie
600 2848 103 62 de
651 2848 188 62 Gaittet
788 2848 103 62 et
839 2848 137 62 Cie,
924 2848 120 62 rue
993 2848 290 62 Cit-le-Cœsur,
1215 2848 68 62 7.
