1164 2189
551 19 35 48 —
565 19 35 48 5
572 19 21 48 —

112 66 130 60 ainsi
198 66 116 60 dire
270 66 116 60 dans
343 66 87 60 la
386 66 188 60 nécessité
531 66 87 60 de
574 66 173 60 déclarer
704 66 188 60 hautement
848 66 72 60 à
877 66 130 60 cette
950 66 144 60 Académie

123 118 95 36 que
178 118 81 36 M.
218 118 81 36 de
259 118 162 36 Voltaire
381 118 68 36 a
408 118 122 36 trahi
489 118 81 36 la
530 118 176 36 confiance
665 118 95 36 que
719 118 108 36 vous
787 118 122 36 aviés
868 118 81 36 en
895 118 122 36 lui...»

115 151 122 57 23926
197 151 230 57 FORBIN-JANSON
386 151 203 57 (Toussaint,
549 151 163 57 cardinal
671 151 108 57 de),
739 151 135 57 évêque
834 151 81 57 de
874 151 190 57 Marseille,
1010 151 81 57 puis

117 185 77 36 de
156 185 167 36 Beauvais,
284 185 77 36 un
323 185 90 36 des
374 185 167 36 meilleurs
503 185 180 36 diplomates
645 185 77 36 de
683 185 90 36 son
735 185 129 36 temps.
825 185 116 36 L.
902 185 77 36 a.
941 185 129 36 s.
1031 185 64 36 à
1044 185 51 36 la

109 222 116 36 reine
186 222 129 36 de...;
276 222 167 36 Beauvais,
405 222 77 36 24
444 222 116 36 sept.
521 222 116 36 1699,
598 222 64 36 5
624 222 77 36 p.
663 222 142 36 in-fol.
766 222 77 36 18
791 222 39 36 »

149 253 150 42 Superbe
258 253 150 42 lettre,
368 253 82 42 où
409 253 82 42 il
449 253 164 42 proteste
572 253 82 42 de
613 253 95 42 son
654 253 191 42 attachement.

118 289 92 59 23927
179 289 113 59 FOURIER
261 289 144 59 (Charles),
374 289 82 59 chef
425 289 62 59 de
456 289 113 59 l’école
538 289 113 59 sociale
620 289 72 59 qui
661 289 92 59 porte
723 289 72 59 son
764 289 82 59 fom,
815 289 62 59 né
835 289 31 59 à

122 326 158 45 Besançon.
243 326 109 45 L.
316 326 73 45 a.
353 326 121 45 s.
437 326 61 45 à
462 326 73 45 M.
498 326 73 45 J.
535 326 194 45 Lechevalier;
692 326 121 45 Paris,
777 326 73 45 11
814 326 109 45 févr.
887 326 109 45 1832,
959 326 61 45 3
984 326 73 45 p.
1008 326 85 45 in

1001 366 65 33 15
1023 366 32 33 »

150 391 162 49 Curieuse
271 391 135 49 épître
365 391 94 49 sur
419 391 108 49 les,
486 391 175 49 démarches
621 391 121 49 qu’il
702 391 108 49 fait
770 391 135 49 auprès
864 391 81 49 du
904 391 135 49 préfet
999 391 81 49 de
1026 391 67 49 po-

117 431 111 40 lice
186 431 111 40 pour
256 431 97 40 une
311 431 166 40 réunion,
436 431 166 40 laquelle
561 431 69 40 a
588 431 111 40 pour
657 431 111 40 but.
727 431 97 40 «de
782 431 166 40 prévenir
907 431 97 40 des
948 431 139 40 soulève-

119 463 122 39 mens
195 463 138 39 comme
287 463 138 39 celui
379 463 92 39 de
425 463 122 39 Lyon
501 463 92 39 en
547 463 184 39 assurant
685 463 107 39 aux
746 463 184 39 ouvriers
884 463 107 39 une
930 463 168 39 ressource

115 493 156 44 contre
225 493 109 44 les
287 493 234 44 stagnations
475 493 297 44 périodiques...»
709 493 47 44 .

120 531 126 49 23928
204 531 195 49 GAUDICHAUD
357 531 195 49 (Charles),
511 531 140 49 savant
609 531 181 49 botaniste
748 531 84 49 et
790 531 181 49 voyageur,
930 531 84 49 né
971 531 70 49 à
985 531 112 49 Angou-

115 565 115 39 lême.
192 565 115 39 L.
268 565 77 39 a.
307 565 128 39 s.
396 565 64 39 à
421 565 179 39 Lamouroux;
562 565 128 39 Paris,
651 565 77 39 30
689 565 102 39 nov.
753 565 115 39 1822,
829 565 64 39 2
855 565 77 39 p.
893 565 89 39 1/2
944 565 115 39 in-4.
1008 565 89 39 Belle

96 601 364 53 lettre
351 601 619 53 scientifique.
860 601 182 53 3
897 601 109 53 »

120 632 97 42 23929
185 632 108 42 GIRARD
261 632 152 42 (Antoine),
380 632 108 42 député
456 632 65 42 de
488 632 108 42 l’Aude
564 632 54 42 à
586 632 65 42 la
618 632 162 42 Convention.
748 632 97 42 L.
813 632 65 42 a.
845 632 108 42 s.
910 632 87 42 Paris,

113 668 82 42 31
154 668 123 42 janv.
236 668 123 42 1793,
318 668 96 42 3/4
373 668 82 42 de
414 668 82 42 p.
455 668 150 42 in-fol.
564 668 191 42 Très-belle
714 668 82 42 et
755 668 109 42 rare
823 668 150 42 lettre.
933 668 68 42 3
946 668 55 42 50

118 706 104 45 23330
188 706 197 45 GIROT-POUZOL,
350 706 116 45 député
431 706 70 45 du
466 706 174 45 Puy-de-Dôme
605 706 58 45 à
628 706 70 45 la
663 706 174 45 Convention.
802 706 104 45 L.
872 706 70 45 a.
895 706 104 45 s.

119 739 121 42 Paris,
204 739 73 42 22
240 739 121 42 nivôse
325 739 73 42 an
361 739 97 42 III,
422 739 85 42 1/2
470 739 73 42 p.
507 739 109 42 in-4.
580 739 61 42 3
592 739 36 42 »

146 773 76 44 Il
184 773 126 44 accuse
273 773 164 44 réception
399 773 76 44 du
437 773 126 44 décret
525 773 88 44 qui
576 773 151 44 l’envoie
689 773 76 44 en
727 773 139 44 mission
828 773 101 44 dans
891 773 88 44 les
929 773 63 44 dé-

121 806 187 47 artements
264 806 86 47 du
308 806 115 47 Gard
379 806 86 47 et
423 806 86 47 de
451 806 173 47 l’Hérault.

131 845 55 39 23931
168 845 80 39 RANDVILLE
229 845 43 39 (J.
254 845 49 39 J.),
285 845 37 39 le
303 845 68 39 célèbre
353 845 37 39 et
371 845 80 39 spirituel
433 845 99 39 dessinateur.
513 845 55 39 L.
550 845 37 39 a.
568 845 62 39 s.
605 845 25 39 au

120 883 139 45 docteur
222 883 114 45 Marx,
297 883 63 45 1
323 883 76 45 p.
361 883 89 45 pl.
411 883 114 45 in-8.
487 883 114 45 Jolie
563 883 127 45 pièce.
652 883 202 45 Rare
816 883 63 45 8
841 883 63 45 »

121 910 106 54 23932
192 910 130 54 GROUCHY
286 910 130 54 (Emm.),
381 910 142 54 maréchal
487 910 71 54 de
522 910 130 54 France.
617 910 106 54 L.
688 910 71 54 a.
723 910 130 54 s.
817 910 106 54 1837,
888 910 59 54 1
912 910 71 54 p.
935 910 83 54 in

1009 945 88 54 2
1026 945 70 54 50

546 980 62 46 23933
587 980 103 46 HASSENFRAIZ
670 980 117 46 (Jean-Henri),
766 980 69 46 savant
814 980 89 46 chimiste,
882 980 69 46 membre
931 980 41 46 de
951 980 41 46 la
965 980 41 46 Com-

116 1020 105 39 mune
181 1020 78 39 de
220 1020 118 39 Paris
299 1020 78 39 en
338 1020 118 39 1792.
416 1020 118 39 L.
495 1020 78 39 a.
534 1020 144 39 s.
639 1020 65 39 6
665 1020 144 39 ventôse
769 1020 78 39 an
809 1020 105 39 III,
874 1020 65 39 2
900 1020 78 39 p.
939 1020 118 39 in-4.
1005 1020 91 39 Belle

121 1053 84 41 lettre.
183 1053 38 41 3
190 1053 31 41 50

119 1091 121 36 23934
199 1091 174 36 HAUSSMANN
333 1091 94 36 (le
386 1091 121 36 baron
467 1091 174 36 Georges),
601 1091 134 36 préfet
694 1091 80 36 de
734 1091 80 36 la
775 1091 134 36 Seine,
868 1091 134 36 membre
962 1091 80 36 de
989 1091 107 36 l’Ins-

122 1122 128 44 titut.
212 1122 115 44 L.
288 1122 77 44 a.
326 1122 128 44 s.
416 1122 64 44 à
441 1122 77 44 M.
480 1122 77 44 de
518 1122 230 44 Saint-Georges;
709 1122 64 44 9
735 1122 115 44 févr.
811 1122 115 44 1860,
888 1122 64 44 2
913 1122 77 44 p.
952 1122 89 44 1/2
990 1122 102 44 in

119 1156 155 46 enveloppe
238 1156 72 46 et
274 1156 131 46 cachet.
369 1156 60 46 5
381 1156 36 46 »

147 1191 163 45 Curieuse
270 1191 149 45 épître,
378 1191 81 45 où
419 1191 81 45 il
459 1191 95 45 lui
514 1191 122 45 parle
595 1191 81 45 de
636 1191 176 45 Pierre
771 1191 81 45 de
812 1191 203 45 Médicis
961 1191 136 45 (opéradu

121 1228 136 45 prince
217 1228 231 45 Poniatowski).
407 1228 122 45 «Dans
489 1228 95 45 les
543 1228 177 45 questions
679 1228 136 45 d’art,
774 1228 150 45 dit-il,
883 1228 82 45 je
924 1228 163 45 n’hésite
1033 1228 68 45 ja-

115 1265 111 29 mais
185 1265 70 29 à
212 1265 111 29 dire
282 1265 83 29 ce
324 1265 97 29 que
379 1265 83 29 je
407 1265 181 29 ressens...»

119 1291 106 45 23935
190 1291 106 45 HENRI
260 1291 82 45 II,
307 1291 82 45 roi
354 1291 71 45 de
390 1291 129 45 France.
484 1291 106 45 L.
554 1291 118 45 s.
637 1291 59 45 à
660 1291 82 45 son
707 1291 118 45 cousin
789 1291 71 45 le
825 1291 106 45 sieur
895 1291 71 45 de
930 1291 106 45 Sedan
989 1291 106 45 (Bouil-

123 1327 113 37 on),
193 1327 169 37 maréchal
320 1327 85 37 de
363 1327 155 37 France;
475 1327 155 37 Amiens,
588 1327 85 37 12
631 1327 113 37 août
701 1327 127 37 1549,
786 1327 99 37 1/2
842 1327 85 37 p.
884 1327 169 37 in-fol.,
997 1327 99 37 trace

123 1361 58 49 de
152 1361 107 49 cachet.
230 1361 136 49 Superbe
337 1361 136 49 pièce
443 1361 58 49 14
463 1361 29 49 »

148 1397 79 43 Il
187 1397 79 43 le
227 1397 132 43 presse
320 1397 79 43 de
359 1397 92 43 lui
412 1397 159 43 expédier
531 1397 92 43 les
584 1397 172 43 corselets
716 1397 119 43 qu’il
795 1397 106 43 fait
861 1397 172 43 fabriquer
993 1397 92 43 par
1033 1397 66 43 son

113 1433 180 42 armurier,
251 1433 83 42 et
293 1433 138 42 espère
389 1433 97 42 que
445 1433 83 42 le
486 1433 166 42 maréchal
611 1433 152 42 viendra
721 1433 152 42 ensuite
832 1433 83 42 le
873 1433 180 42 retrouver
997 1433 97 42 «pour

112 1473 142 42 avoir,
211 1473 156 42 dit-il,
325 1473 142 42 vostre
425 1473 114 42 part
496 1473 85 42 de
538 1473 85 42 ce
581 1473 213 42 passetemps»
752 1473 100 42 (il
809 1473 142 42 s’agit
908 1473 85 42 de
951 1473 85 42 la
979 1473 114 42 guerre

116 1496 144 44 pour
206 1496 108 44 la
260 1496 198 44 reprise
403 1496 108 44 de
457 1496 215 44 Boulogne
619 1496 126 44 sur
691 1496 126 44 les
744 1496 180 44 Anglais)

121 1524 111 48 23936
195 1524 111 48 HENRI
269 1524 99 48 III,
330 1524 86 48 roi
379 1524 74 48 de
416 1524 136 48 France.
515 1524 111 48 L.
589 1524 136 48 s.
687 1524 111 48 comme
761 1524 86 48 duc
811 1524 148 48 d’Anjou,
922 1524 99 48 avec
983 1524 74 48 la
1008 1524 86 48 sous-

118 1570 162 41 cription
240 1570 81 41 et
281 1570 68 41 4
308 1570 135 41 lignes
403 1570 122 41 aut.,
484 1570 68 41 à
511 1570 95 41 son
565 1570 189 41 cousin...;
714 1570 135 41 Paris,
809 1570 81 41 13
849 1570 108 41 oct.
917 1570 122 41 1572,
998 1570 95 41 3/4
1039 1570 54 41 de

120 1601 64 52 p.
152 1601 117 52 in-fol.
237 1601 64 52 17
258 1601 32 52 »

154 1639 161 40 Curieuse
274 1639 147 40 épître,
381 1639 80 40 où
421 1639 80 40 il
462 1639 80 40 le
502 1639 107 40 prie
569 1639 147 40 d’aider
676 1639 80 40 de
716 1639 107 40 tout
783 1639 94 40 son
837 1639 147 40 pouvoir
944 1639 80 40 le
970 1639 121 40 gentil-

119 1676 136 38 homme
209 1676 105 38 que
270 1676 105 38 Mme
330 1676 90 38 de
375 1676 196 38 Martigues
526 1676 151 38 envoie
631 1676 121 38 pour
706 1676 196 38 recouvrer
857 1676 105 38 des
917 1676 151 38 terres
1008 1676 90 38 ven-

124 1705 110 45 dues
193 1705 178 45 autrefois
330 1705 96 45 par
385 1705 96 45 les
439 1705 96 45 duc
494 1705 178 45 d’Etampes
631 1705 82 45 et
672 1705 164 45 seigneur
796 1705 82 45 de
837 1705 178 45 Martigues
974 1705 69 45 à
1001 1705 82 45 si
1029 1705 69 45 vil

130 1746 110 42 prix
199 1746 96 42 que
254 1746 82 42 le
295 1746 96 42 roi
350 1746 69 42 a
377 1746 151 42 accordé
487 1746 69 42 à
515 1746 82 42 la
556 1746 151 42 susdite
666 1746 110 42 dame
734 1746 96 42 des
789 1746 151 42 lettres
899 1746 82 42 de
926 1746 124 42 remeré.

119 1776 123 44 23937
201 1776 164 44 HUMBOLDT
324 1776 191 44 (Guillaume
474 1776 109 44 de),
542 1776 150 44 célèbre
652 1776 123 44 homme
734 1776 136 44 d’État
829 1776 82 44 et
870 1776 136 44 sayant
952 1776 150 44 allemand,

124 1815 135 36 associé
222 1815 74 36 de
259 1815 184 36 l’Institut.
406 1815 111 36 L.
480 1815 74 36 a.
517 1815 135 36 s.
616 1815 74 36 en
652 1815 160 36 français,
775 1815 61 36 à
800 1815 86 36 son
849 1815 148 36 ami...;.
947 1815 148 36 Francfort,

122 1846 70 47 18
157 1846 93 47 juin
215 1846 105 47 1816,
285 1846 58 47 1
309 1846 70 47 p.
343 1846 81 47 1/2
390 1846 105 47 in-4.
460 1846 58 47 6
471 1846 47 47 50

148 1860 176 62 Curieuse
280 1860 161 62 épître,
397 1860 88 62 où
441 1860 88 62 il
485 1860 132 62 parle
573 1860 205 62 longuement
734 1860 117 62 d’un
807 1860 146 62 cadeau
910 1860 117 62 dont
983 1860 88 62 le
1012 1860 88 62 Pape

118 1912 126 37 vient
202 1912 84 37 de
244 1912 196 37 l’honorer.
398 1912 98 37 «Le
454 1912 168 37 cardinal
580 1912 168 37 Consalvi
705 1912 126 37 vient
789 1912 84 37 de
831 1912 84 37 me
873 1912 196 37 l’annoncer
1013 1912 84 37 per-

128 1941 208 51 onnellement
295 1941 111 51 dans
364 1941 97 51 une
420 1941 139 51 lettre
517 1941 139 51 pleine
614 1941 83 51 de
656 1941 125 51 bonté
739 1941 83 51 et
781 1941 180 51 d’amitié,
920 1941 83 51 et
961 1941 83 51 je
1003 1941 97 51 lui
1044 1941 56 51 ai

116 1971 165 57 répondu
221 1971 270 57 sur

128 1994 68 74 23938
174 1994 75 74 INGRES
226 1994 53 74 (J.
257 1994 60 74 Aug.
294 1994 75 74 Dom.),
347 1994 90 74 illustre
415 1994 83 74 peintre
475 1994 113 74 d’histoire,
566 1994 75 74 membre
619 1994 45 74 de
634 1994 60 74 l’Ins-

129 2045 108 53 titut.
205 2045 97 53 L.
269 2045 65 53 a.
302 2045 119 53 s.
388 2045 108 53 Paris,
463 2045 65 53 20
496 2045 75 53 mai
539 2045 97 53 1841,
604 2045 54 53 1
625 2045 65 53 p.
657 2045 97 53 in-4.
722 2045 65 53 10
744 2045 32 53 »

159 2084 60 50 Belle
199 2084 67 50 lettre
246 2084 40 50 de
266 2084 120 50 recommandation
366 2084 40 50 en
386 2084 67 50 faveur
432 2084 40 50 de
452 2084 40 50 M.
472 2084 60 50 Lego,
512 2084 93 50 secrétaire
578 2084 27 50 de

107 2103 220 57 l’Académie
280 2103 94 57 de
327 2103 157 57 France
437 2103 79 57 à
453 2103 110 57 Rome.
