1215 2180
530 5 85 54 —
564 5 85 54 6
581 5 51 54 —

125 59 114 53 23939
201 59 101 53 KANT
265 59 190 53 (Emmanuel),
416 59 76 53 le
454 59 101 53 plus
518 59 114 53 grand
594 59 215 53 métaphysicien
771 59 76 53 de
809 59 203 53 l’Allemagne.
961 59 139 53 L.

122 95 113 52 a.
198 95 126 52 s.
286 95 63 52 à
311 95 76 52 M.
349 95 189 52 Tieftrunck;
500 95 189 52 Kœnigsberg,
651 95 76 52 17
689 95 101 52 oct.
752 95 113 52 1797,
827 95 88 52 3/4
877 95 76 52 de
915 95 76 52 p.
953 95 113 52 in-4.
1016 95 88 52 Jolie

127 134 82 54 pièce.
184 134 49 54 30
200 134 25 54 »

129 157 95 61 23940
193 157 85 61 KARR
246 157 127 61 (Alph.),
341 157 117 61 célèbre
426 157 148 61 romancier.
543 157 95 61 L.
607 157 64 61 a.
638 157 117 61 s.
723 157 53 61 1
744 157 64 61 p.
776 157 95 61 in-8.
840 157 95 61 Jolie
903 157 106 61 pièce.
978 157 53 61 2
988 157 32 61 »

134 210 102 44 23941
201 210 147 44 KLOPSTOCK
314 210 113 44 (Fréd.
393 210 158 44 Gottlieb),
517 210 124 44 célèbre
608 210 102 44 poëte
675 210 147 44 allemand,
788 210 113 44 auteur
867 210 68 44 de
890 210 124 44 la

131 244 235 48 Messiade
331 244 106 48 Pièce
401 244 129 48 d’album
495 244 70 48 de
531 244 59 48 2
554 244 117 48 lignes
636 244 94 48 aut.
695 244 106 48 sig.;
765 244 70 48 22
801 244 94 48 juin
859 244 106 48 1752,
930 244 82 48 1/2
965 244 47 48 p.

128 284 93 50 in-8.
190 284 93 50 Jolie
252 284 103 50 pièce.
324 284 52 50 8
335 284 41 50 >»

139 297 117 78 23942
217 297 157 78 LACÉPEDE
335 297 91 78 (le
387 297 117 78 comte
465 297 104 78 de),
531 297 157 78 illustre
648 297 209 78 naturaliste,
818 297 131 78 membre
909 297 78 78 de
935 297 170 78 l’Institut.

126 347 99 50 L.
192 347 66 50 a.
225 347 110 50 s.
302 347 55 50 à
324 347 66 50 M.
357 347 110 50 Rigel;
434 347 55 50 5
456 347 99 50 févr.
522 347 99 50 1821,
587 347 77 50 1/2
631 347 66 50 p.
664 347 99 50 in-4,
730 347 121 50 cachet.
818 347 99 50 Belle
884 347 121 50 lettre.
972 347 55 50 3
983 347 33 50 »

128 395 122 46 23943
210 395 122 46 LAINÉ
292 395 95 46 (le
346 395 177 46 vicomte),
482 395 122 46 homme
563 395 150 46 d’État,
672 395 177 46 président
808 395 82 46 de
849 395 82 46 la
890 395 150 46 Chambre
985 395 122 46 introu-

135 416 103 58 vable
203 416 69 58 en
238 416 103 58 1815,
306 416 115 58 membre
387 416 69 58 de
421 416 126 58 l’Acad.
513 416 92 58 fr.,
570 416 69 58 né
604 416 57 58 à
627 416 149 58 Bordeaux.
742 416 103 58 L.
811 416 69 58 a.
845 416 126 58 s.
937 416 80 58 3/4
971 416 46 58 de

128 464 134 44 p.
195 464 201 44 in-4.
328 464 112 44 3
351 464 89 44 50

137 482 99 57 23944
203 482 132 57 LEQIUNIO
302 482 77 57 (J.
346 482 88 57 M.),
400 482 121 57 célèbre
488 482 198 57 conventionnel.
653 482 99 57 L.
719 482 66 57 a.
752 482 110 57 s.
828 482 66 57 au
861 482 110 57 Comité
938 482 66 57 de
960 482 77 57 salut

129 527 141 49 public;
231 527 179 49 Rochefort,
372 527 64 49 6
397 527 153 49 pluviôse
512 527 77 49 an
551 527 89 49 II,
602 527 64 49 1
627 527 77 49 p.
666 527 141 49 in-fol.
768 527 64 49 6
781 527 38 49 »

155 550 288 60 Très-intéressante
402 550 151 60 lettre,
512 550 82 60 où
553 550 82 60 il
594 550 151 60 demande
704 550 110 60 s’il
772 550 110 60 doit
841 550 82 60 se
882 550 137 60 rendre
978 550 82 60 en
1005 550 110 60 Vendée

137 599 111 51 avec
207 599 97 51 son
262 599 167 51 collègue
387 599 195 51 Laignelot,
540 599 83 51 ou
582 599 83 51 se
624 599 139 51 borner
721 599 97 51 aux
776 599 222 51 départements
957 599 83 51 de
999 599 83 51 la
1027 599 83 51 Cha-

135 640 125 37 rente
218 640 83 37 et
260 640 83 37 de
302 640 83 37 la
330 640 305 37 Charente

147 670 64 44 23945
189 670 64 44 LÉVIS
232 670 56 44 (Fr.
267 670 49 44 G.,
295 670 49 44 duc
323 670 56 44 de),
359 670 85 44 maréchal
422 670 42 44 de
443 670 78 44 France,
500 670 99 44 gouverneur
570 670 78 44 d’Artois.

138 707 61 58 L.
179 707 75 58 s.
233 707 102 58 Saint-Omer,
314 707 41 58 11
335 707 54 58 août
369 707 61 58 1767,
409 707 34 58 1
423 707 41 58 p.
443 707 61 58 in-4,
484 707 68 58 cachet
531 707 54 58 bien
558 707 75 58 conservé.

1033 730 63 42 3
1046 730 38 42 »

622 760 55 47 23946
659 760 49 47 LIND
689 760 73 47 (Jenny),
744 760 67 47 célèbre
793 760 92 47 cantatrice,
867 760 80 47 surnommée
928 760 55 47 le
965 760 80 47 Rossignol
1026 760 73 47 suédois.
1075 760 49 47 L.

142 795 108 52 a.
214 795 132 52 s.
310 795 72 52 en
346 795 156 52 français,
466 795 60 52 à
490 795 72 52 la
526 795 180 52 baronne...;
670 795 132 52 Berlin,
766 795 72 52 31
802 795 108 52 janv.
874 795 108 52 1845,
946 795 60 52 2
970 795 72 52 p.
1006 795 84 52 pl.
1042 795 84 52 in

153 844 146 51 Intéressante.
274 844 137 51 Rare
385 844 51 51 12
402 844 26 51 »

140 854 123 70 23947
222 854 136 70 LINDET
318 854 96 70 (J.
372 854 82 70 B.
413 854 164 70 Robert),
536 854 150 70 célèbre
645 854 246 70 conventionnel,
850 854 136 70 membre
946 854 82 70 du
987 854 136 70 Comité
1068 854 55 70 de

147 905 102 51 salut
215 905 125 51 public.
306 905 102 51 P.
374 905 68 51 a.
409 905 125 51 s.
500 905 125 51 Bernay,
591 905 57 51 8
614 905 91 51 déc.
670 905 102 51 1781,
739 905 57 51 1
762 905 68 51 p.
796 905 102 51 in-4.
864 905 57 51 2
875 905 46 51 50

147 936 95 58 23948
211 936 95 58 LISZT
274 936 95 58 (F.),
337 936 116 58 célèbre
421 936 137 58 pianiste.
526 936 95 58 L.
589 936 63 58 a.
621 936 105 58 s.
695 936 53 58 à
716 936 84 58 Mlle
768 936 126 58 Lambert,
863 936 53 58 2
884 936 63 58 p.
916 936 95 58 in-8.
968 936 74 58 Très-

142 987 91 49 jolie
202 987 101 49 pièce.
273 987 50 49 3
283 987 30 49 »

154 1013 112 58 23949
228 1013 149 58 LORRAINE
340 1013 149 58 (Charles
452 1013 87 58 II,
502 1013 87 58 duc
552 1013 100 58 de),
614 1013 87 58 dit
664 1013 112 58 le
738 1013 174 58 Grand
875 1013 124 58 gendre
962 1013 75 58 de
1000 1013 112 58 Henri
1062 1013 62 58 II,

149 1043 125 63 prince
237 1043 138 63 habile,
338 1043 88 63 qui
388 1043 113 63 fonda
463 1043 201 63 l’Université
626 1043 75 63 de
664 1043 238 63 Pont-à-Mousson.
865 1043 113 63 L.
940 1043 75 63 a.
977 1043 125 63 s.
1065 1043 63 63 à
1078 1043 50 63 la

149 1084 125 52 reine
233 1084 195 52 (Catherine
386 1084 83 52 de
427 1084 181 52 Médicis);
566 1084 139 52 Nancy,
664 1084 83 52 11
706 1084 97 52 mai
761 1084 153 52 (1563),
873 1084 70 52 1
900 1084 83 52 p.
942 1084 167 52 in-fol.,
1053 1084 70 52 ca-

150 1117 96 59 chet
210 1117 120 59 brisé.
294 1117 132 59 Superbe
390 1117 72 59 et
426 1117 96 59 rare
486 1117 120 59 pièce.
570 1117 72 59 12
594 1117 36 59 »

155 1151 109 55 23950
227 1151 109 55 LOUIS
300 1151 84 55 XV,
348 1151 84 55 roi
396 1151 72 55 de
432 1151 133 55 France.
529 1151 109 55 P.
601 1151 121 55 s.
686 1151 109 55 1761,
758 1151 60 55 1
782 1151 72 55 p.
818 1151 133 55 in-fol.
915 1151 60 55 2
927 1151 36 55 »

151 1188 125 53 23951
234 1188 194 53 LOUVERTURE
386 1188 221 53 (Toussaint),
566 1188 83 53 le
608 1188 152 53 célèbre
719 1188 152 53 général
829 1188 83 53 en
871 1188 111 53 chef
940 1188 83 53 de
982 1188 152 53 l’armée
1079 1188 55 53 de

149 1220 243 60 Saint-Domingue.
354 1220 115 60 L.
431 1220 141 60 s.
533 1220 77 60 en
571 1220 166 60 français,
699 1220 64 60 à
725 1220 192 60 Hédouville;
878 1220 77 60 le
917 1220 102 60 Cap,
981 1220 77 60 26
1006 1220 128 60 prairial

150 1264 72 51 an
186 1264 84 51 VI,
234 1264 60 51 1
258 1264 72 51 p.
295 1264 109 51 in-4,
367 1264 96 51 tète
427 1264 109 51 impr.
500 1264 72 51 13
524 1264 36 51 »

163 1286 147 53 «Belle
266 1286 147 53 lettre
369 1286 88 53 de
414 1286 265 53 recommandation
634 1286 88 53 en
679 1286 147 53 faveur
782 1286 88 53 du
826 1286 118 53 cit.
899 1286 177 53 Cazeaux,
1017 1286 118 53 ci-

153 1319 136 57 devant
249 1319 150 57 notaire
358 1319 82 57 au
399 1319 109 57 Port
467 1319 218 57 républicain,
645 1319 96 57 qui
699 1319 96 57 fut
754 1319 109 57 fait
822 1319 191 57 prisonnier
972 1319 96 57 par
1027 1319 96 57 les
1068 1319 68 57 An-

155 1361 117 56 glais
233 1361 104 56 lors
298 1361 78 56 de
337 1361 78 56 la
376 1361 117 56 prise
454 1361 78 56 de
493 1361 117 56 cette
558 1361 104 56 ville.

167 1378 115 68 23952
244 1378 140 68 LUCKNER
345 1378 178 68 (Nicolas),
485 1378 153 68 maréchal
600 1378 76 68 de
638 1378 140 68 France,
740 1378 153 68 décapité
854 1378 76 68 en
893 1378 115 68 1793.
969 1378 115 68 L.
1032 1378 115 68 s.

158 1424 136 53 écrite
254 1424 95 53 par
308 1424 326 53 Beurnonville
594 1424 68 53 à
621 1424 150 53 Servan;
729 1424 231 53 Valenciennes,
920 1424 82 53 21
961 1424 95 53 mai
1015 1424 122 53 1792,
1083 1424 68 53 1/2

157 1472 75 50 p.
194 1472 138 50 in-fol.
294 1472 63 50 5
307 1472 38 50 »

197 1492 86 59 Il
240 1492 158 59 demande
354 1492 129 59 qu’on
440 1492 158 59 expédie
555 1492 72 59 à
583 1492 100 59 son
641 1492 243 59 aidé-de-camp,
841 1492 143 59 Pierre
941 1492 115 59 Riel
1013 1492 86 59 de
1042 1492 100 59 Beur-

166 1529 172 54 nonville
294 1529 157 54 (depuis
409 1529 172 54 maréchal
537 1529 86 54 de
580 1529 172 54 France),
709 1529 86 54 le
752 1529 143 54 brevet
852 1529 86 54 de
895 1529 172 54 maréchal
1024 1529 86 54 de
1052 1529 86 54 camp

170 1562 110 56 23953
243 1562 110 56 LYELL
316 1562 171 56 (Charles),
451 1562 122 56 savant
536 1562 147 56 géologue
646 1562 147 56 anglais.
756 1562 110 56 L.
829 1562 73 56 a.
866 1562 134 56 s.
964 1562 61 56 1
988 1562 73 56 p.
1025 1562 110 56 in-8.
1098 1562 61 56 2
1110 1562 37 56 »

174 1592 119 65 23954
253 1592 132 65 MAIRAN
346 1592 93 65 (J.
399 1592 79 65 J.
438 1592 145 65 DoRToUS
544 1592 106 65 de),
610 1592 132 65 savant
703 1592 172 65 physicien
835 1592 79 65 et
874 1592 172 65 écrivain,
1007 1592 79 65 de
1033 1592 119 65 l’Acad.

171 1628 91 62 fr.
223 1628 117 62 P.
301 1628 78 62 a.
340 1628 143 62 s.
445 1628 78 62 30
484 1628 104 62 mars
549 1628 117 62 1754,
627 1628 91 62 1/2
679 1628 78 62 p.
718 1628 104 62 in-8
783 1628 143 62 oblong.
887 1628 78 62 Un
927 1628 91 62 peu
979 1628 143 62 jaunie.
1083 1628 65 62 2
1096 1628 52 62 50

171 1665 135 64 23955
261 1665 210 64 MARGUERITE
427 1665 90 64 DE
472 1665 165 64 FRANCE,
592 1665 135 64 fille
682 1665 90 64 de
727 1665 135 64 Henri
817 1665 105 64 II,
877 1665 180 64 première
1013 1665 135 64 femme
1088 1665 60 64 de

170 1704 114 58 Henri
246 1704 89 58 IV,
297 1704 127 58 auteur
386 1704 76 58 de
424 1704 203 58 Mémoires.
589 1704 76 58 P.
627 1704 140 58 s.
729 1704 89 58 sur
780 1704 127 58 vélin;
869 1704 127 58 Paris,
958 1704 89 58 1er
1008 1704 102 58 oct.
1059 1704 89 58 1607.

169 1739 191 58 in-fol.
307 1739 191 58 oblong.
446 1739 156 58 Pièce
550 1739 104 58 un
602 1739 121 58 peu
671 1739 208 58 frippée.
827 1739 87 58 7
845 1739 69 58 50

74 1776 112 58 23956
148 1776 186 58 MARLBOROUGH
297 1776 112 58 (John
372 1776 174 58 CHURCHILL,
508 1776 87 58 duc
558 1776 99 58 de),
620 1776 75 58 le
657 1776 99 58 plus
719 1776 112 58 grand
781 1776 137 58 capitaine

176 1825 101 40 anglais
249 1825 55 40 du
277 1825 147 40 dix-septième
396 1825 101 40 siècle.
469 1825 83 40 L.
524 1825 92 40 s.
589 1825 46 40 8
607 1825 64 40 mai
644 1825 83 40 1718.
699 1825 46 40 1
717 1825 55 40 p.
744 1825 110 40 in-fol.,
818 1825 64 40 sceau

177 1861 86 44 Belle
235 1861 95 44 pièce.
301 1861 57 44 14
320 1861 29 44 »

181 1875 91 63 23957
242 1875 91 63 MASSÉ
302 1875 91 63 (V.),
363 1875 111 63 célèbre
444 1875 152 63 compositeur
565 1875 61 63 de
596 1875 121 63 musique,
687 1875 101 63 auteur
758 1875 71 63 des
798 1875 121 63 Noces
879 1875 81 63 de

181 1922 159 51 Jeannette.
312 1922 56 51 L.
340 1922 56 51 a.
368 1922 103 51 s.
442 1922 47 51 1
461 1922 56 51 p.
489 1922 84 51 in-8.
545 1922 47 51 1
555 1922 37 51 50

188 1941 82 76 23958
243 1941 100 76 MAZZINI
316 1941 119 76 (Joseph),
407 1941 100 76 célèbre
480 1941 173 76 révolutionnaire
626 1941 109 76 italien.
708 1941 82 76 L.
763 1941 55 76 a.
790 1941 91 76 s.
854 1941 46 76 à
863 1941 82 76 Daelli;

191 1994 60 51 6
215 1994 109 51 août,
287 1994 60 51 1
312 1994 72 51 p.
348 1994 84 51 1/2
396 1994 121 51 in-18.
481 1994 169 51 Très-jolie
613 1994 121 51 pièce.
698 1994 72 51 10
722 1994 36 51 »

334 2013 71 72 23959
382 2013 95 72 MÉAULLEb
453 2013 55 72 (J.
484 2013 79 72 Nic.),
540 2013 79 72 député
595 2013 48 72 de
619 2013 48 72 la
643 2013 158 72 Loire-Inférieure
777 2013 40 72 à
793 2013 48 72 la
809 2013 103 72 Convention,

192 2068 122 48 membre
277 2068 73 48 du
314 2068 122 48 Comité
400 2068 73 48 de
436 2068 122 48 sûrete
522 2068 147 48 générale
632 2068 110 48 après
705 2068 73 48 le
742 2068 61 48 9
766 2068 171 48 thermidor.
901 2068 122 48 Arrêté
974 2068 49 48 du

69 2092 133 80 Comité
162 2092 80 80 de
202 2092 133 80 sûreté
295 2092 160 80 générale
415 2092 106 80 aut.
481 2092 120 80 sig.,
561 2092 106 80 sig.
628 2092 120 80 aussi
707 2092 93 80 par
761 2092 239 80 Ruamps
960 2092 213 80 Duhem
1120 2092 53 80 et
