1303 2038
507 -2 149 55 —
567 -2 149 55 4
597 -2 89 55 —

124 46 225 76 Philippe
293 46 112 76 V.
349 46 94 76 —
386 46 112 76 L.
442 46 131 76 s.,
517 46 112 76 en
573 46 225 76 français
742 46 131 76 (au
817 46 131 76 duc
892 46 112 76 de
929 46 262 76 Penthièvre);

128 101 358 71 Saint-Ildephonse,
435 101 102 71 24
486 101 136 71 juin
571 101 153 71 1754,
673 101 119 71 1/2
741 101 102 71 p.
793 101 153 71 in-4.
895 101 85 71 6
912 101 51 71 »

164 158 217 59 Condoléances
340 158 95 59 sur
395 158 81 59 la
435 158 108 59 mort
503 158 81 59 de
544 158 81 59 la
584 158 162 59 duchesse
706 158 81 59 de
733 158 176 59 Penthièvre.

138 172 171 77 28577.
258 172 359 77 FOUQUIER-TINVILLE
565 172 376 77 (Antoine-Quentin),
890 172 171 77 fameux
993 172 205 77 accusateur

142 233 175 65 public
264 233 175 65 devant
386 233 105 65 le
439 233 210 65 tribunal
596 233 332 65 révolutionnaire
875 233 210 65 décapité
1033 233 105 65 en
1068 233 122 65 1795.

186 284 83 63 —
220 284 100 63 L.
269 284 100 63 a.
319 284 100 63 s.
369 284 83 63 à
402 284 249 63 Goulombeau;
601 284 166 63 Paris,
717 284 100 63 23
767 284 166 63 juill.
883 284 149 63 1793,
982 284 116 63 1/2
1049 284 100 63 p.
1082 284 116 63 in

1049 312 179 47 18
1109 312 89 47 »

172 340 234 74 Recommandation
367 340 104 74 pour
432 340 117 74 faire
510 340 143 74 obtenir
613 340 91 74 une
665 340 117 74 place
743 340 65 74 à
769 340 78 74 un
808 340 104 74 père
873 340 78 74 de
899 340 130 74 famille.

133 400 169 51 28578.
252 400 186 51 GAUTIER
387 400 271 51 (Théophile),
607 400 102 51 le
658 400 186 51 célèbre
793 400 220 51 écrivain.
962 400 85 51 —
996 400 102 51 L.
1047 400 102 51 a.
1097 400 102 51 s.
1131 400 68 51 au

145 431 247 58 violoniste
339 431 264 58 Vieuxtemps;
550 431 106 58 14
603 431 158 58 avril
709 431 158 58 1853,
815 431 88 58 1
850 431 106 58 p.
903 431 176 58 in-12,
1008 431 194 58 enveloppe

152 486 118 57 signée.
238 486 65 57 10
260 486 32 57 »

163 530 114 51 Jolie
239 530 127 51 lettre
328 530 76 51 où
366 530 76 51 il
404 530 139 51 réclame
506 530 89 51 des
556 530 139 51 billets
658 530 101 51 pour
721 530 76 51 le
759 530 139 51 concert
861 530 76 51 de
886 530 165 51 Vieuxtemps.

140 558 160 70 28579.
252 558 176 70 GAUTIER
380 558 256 70 (Théophile).
589 558 192 70 Quatrain
733 558 128 70 aut.
813 558 144 70 sig.,
909 558 80 70 1
942 558 96 70 p.
990 558 128 70 in-8
1054 558 144 70 oblong.

151 613 93 70 La
197 613 202 70 signature
352 613 109 70 est
414 613 93 70 au
461 613 171 70 crayon.
585 613 93 70 20
616 613 47 70 »

140 651 164 73 28580.
254 651 164 73 GÉRARD
369 651 98 73 DE
418 651 180 73 NERVAL,
549 651 180 73 célèbre
681 651 229 73 romancier.
861 651 82 73 —
894 651 98 73 L.
943 651 98 73 a.
992 651 98 73 s.
1041 651 82 73 à
1057 651 148 73 Georges

446 711 43 15 .
455 711 26 15 S

145 719 139 56 Bell;
237 719 93 56 23
284 719 139 56 sept.
376 719 139 56 1853,
469 719 108 56 3/4
531 719 93 56 de
577 719 93 56 p.
623 719 139 56 in-8.
716 719 77 56 7
731 719 62 56 50

178 736 132 72 Lettre
270 736 132 72 écrite
363 736 79 72 de
403 736 79 72 la
442 736 132 72 maison
535 736 79 72 de
574 736 119 72 santé
654 736 79 72 du
693 736 145 72 docteur
799 736 159 72 Blanche.
918 736 79 72 Il
958 736 79 72 le
997 736 106 72 prie
1050 736 159 72 instamment

143 796 74 57 de
180 796 111 57 venir
253 796 74 57 le
278 796 86 57 voir.

144 824 151 68 28581.
249 824 151 68 GOUNOD
355 824 211 68 (Charles),
520 824 181 68 l’auteur
656 824 90 68 de
701 824 331 68 Polyeucte—
987 824 90 68 L.
1032 824 90 68 a.
1077 824 75 68 s
1108 824 75 68 à
1123 824 90 68 Emi-

156 873 131 64 lien
238 873 180 64 Pacini;
369 873 164 64 Paris,
483 873 98 64 19
533 873 115 64 mai
598 873 148 64 1854,
697 873 82 64 1
729 873 98 64 p.
779 873 115 64 1/2
844 873 148 64 in-8.
942 873 82 64 8
959 873 49 64 »

181 923 148 62 Relative
291 923 62 62 à
316 923 74 62 la
353 923 160 62 partition
476 923 185 62 d’orchestre
624 923 74 62 du
661 923 222 62 Requiem
845 923 74 62 de
870 923 160 62 Zimmermann.

10 953 207 81 28582.
155 953 207 81 GOUNOD
300 953 290 81 (Charles).
528 953 124 81 L.
590 953 124 81 a.
653 953 124 81 s.
715 953 124 81 (à
777 953 228 81 Auber);
922 953 290 81 Saint

154 1013 85 78 17
196 1013 142 78 juill.
296 1013 128 78 1866,
381 1013 71 78 1
409 1013 85 78 p.
451 1013 99 78 1/4
508 1013 128 78 in-8.
593 1013 85 78 10
621 1013 43 78 »

183 1046 77 67 Il
222 1046 155 67 s’excuse
338 1046 77 67 de
377 1046 77 67 ne
415 1046 155 67 pouvoir,
532 1046 103 67 pour
596 1046 129 67 raison
687 1046 77 67 de
725 1046 129 67 santé,
816 1046 77 67 se
854 1046 129 67 rendre
945 1046 90 67 aux
997 1046 116 67 jurys
1074 1046 103 67 dont
1126 1046 90 67 Auber

163 1099 103 48 l’a
222 1099 133 48 nommé
296 1099 133 48 membre.

157 1115 162 74 28583.
270 1115 146 74 HENRI
368 1115 114 74 IV,
433 1115 114 74 roi
497 1115 97 74 de
546 1115 178 74 France.
676 1115 81 74 —
708 1115 97 74 L.
757 1115 97 74 a.
806 1115 97 74 s.
854 1115 81 74 à
887 1115 97 74 M.
935 1115 97 74 de
968 1115 243 74 Saint

165 1184 88 57 3/4
216 1184 75 57 de
253 1184 75 57 p.
291 1184 138 57 in-fol.
391 1184 75 57 35
416 1184 38 57 »

146 1211 181 66 28584.
273 1211 163 66 HENRI
381 1211 109 66 DE
436 1211 217 66 BOURBON,
598 1211 163 66 comte
707 1211 109 66 de
761 1211 235 66 Chambord.
942 1211 91 66 —
979 1211 109 66 P.
1033 1211 109 66 a.
1087 1211 109 66 s.
1123 1211 91 66 H.;

165 1274 68 55 8
193 1274 150 55 janvier
302 1274 123 55 1861,
384 1274 68 55 1
411 1274 82 55 p.
452 1274 96 55 1/4
507 1274 123 55 in-8.
589 1274 82 55 15
616 1274 82 55 »

197 1305 207 56 Intéressante
366 1305 117 56 pièce
443 1305 91 56 sur
495 1305 78 56 la
534 1305 143 56 Savoie.
638 1305 91 56 «Je
690 1305 104 56 vois
754 1305 104 56 avec
819 1305 143 56 plaisir
923 1305 91 56 que
975 1305 78 56 le
1014 1305 168 56 sentiment
1130 1305 78 56 reli

163 1346 121 55 gieux
243 1346 81 55 et
283 1346 202 55 monarchique
445 1346 94 55 est
498 1346 134 55 encore
593 1346 148 55 profond
700 1346 107 55 dans
767 1346 121 55 cette
848 1346 161 55 province
969 1346 81 55 où
1009 1346 107 55 nous
1063 1346 161 55 trouverons

168 1390 106 43 plus
234 1390 106 43 tard
300 1390 79 43 de
339 1390 185 43 véritables
471 1390 106 43 amis.»

157 1402 164 82 28585.
271 1402 180 82 HOUASSE
402 1402 262 82 (René-Ant.),
615 1402 196 82 peintre,
762 1402 147 82 élève
860 1402 98 82 de
909 1402 98 82 Le
958 1402 147 82 Brun,
1040 1402 180 82 directeur

166 1465 122 60 de
227 1465 284 60 l’Académie
450 1465 122 60 de
511 1465 203 60 France
653 1465 101 60 à
693 1465 183 60 Rome.
815 1465 101 60 —
856 1465 122 60 P.
917 1465 142 60 s.,
998 1465 142 60 sur
1059 1465 162 60 vélin;

165 1517 81 75 9
197 1517 130 75 nov.
278 1517 146 75 1685,
376 1517 81 75 1
408 1517 97 75 p.
457 1517 130 75 in-8
538 1517 179 75 oblong.
668 1517 81 75 5
684 1517 49 75 »

166 1540 165 88 28586.
281 1540 181 88 LALANDE
413 1540 264 88 (Jos.-Jérôme
627 1540 99 88 LE
677 1540 198 88 FRANÇAIS
825 1540 132 88 de),
908 1540 198 88 illustre
1040 1540 181 88 astronome

168 1604 105 58 et
221 1604 228 58 écrivain.
397 1604 88 58 —
432 1604 105 58 L.
485 1604 105 58 a.
537 1604 105 58 s.
590 1604 88 58 à
625 1604 123 58 son
695 1604 140 58 cher
783 1604 105 58 et
836 1604 211 58 illustre
976 1604 246 58 confrère...;

175 1657 153 54 Paris,
282 1657 92 54 21
327 1657 137 54 avril
419 1657 137 54 1771,
510 1657 76 54 1
541 1657 92 54 p.
587 1657 137 54 in-4.
678 1657 76 54 6
693 1657 46 54 »

220 1680 177 59 Très-jolie
359 1680 126 59 lettre
448 1680 76 59 où
486 1680 76 59 il
524 1680 114 59 parle
599 1680 76 59 du
637 1680 202 59 Parlement
801 1680 202 59 Maupeou
966 1680 76 59 On
1004 1680 152 59 commence
1117 1680 63 59 à
1130 1680 101 59 croire

177 1725 135 51 qu’il.
272 1725 162 51 tiendra.
394 1725 95 51 «Il
448 1725 68 51 y
475 1725 68 51 a
502 1725 162 51 beaucoup
623 1725 81 51 de
664 1725 108 51 gens
731 1725 81 51 de
772 1725 135 51 mérite
866 1725 108 51 soit
934 1725 270 51 ecclésiastiques,
1150 1725 81 51 soit

164 1771 183 37 laïques...»

180 1760 156 82 28587.
289 1760 93 82 LA
336 1760 171 82 MENNAIS
461 1760 156 82 (F.-M.
569 1760 124 82 de),
647 1760 93 82 le
694 1760 140 82 grand
787 1760 202 82 écrivain.
943 1760 78 82 —
974 1760 93 82 L.
1021 1760 93 82 a.
1067 1760 93 82 s.
1114 1760 93 82 au
1145 1760 78 82 ba-

168 1818 138 68 ron
247 1818 297 68 d’Eckstein;
485 1818 119 68 La
544 1818 237 68 Chenaye,
722 1818 99 68 5
761 1818 237 68 novembre
939 1818 178 68 1823,
1058 1818 99 68 1
1098 1818 119 68 p.
1137 1818 99 68 1/4

188 1877 65 62 in-8.
231 1877 43 62 12
246 1877 43 62 »

209 1897 80 74 Il
249 1897 80 74 le
288 1897 159 74 remercie
408 1897 80 74 de
448 1897 80 74 la
488 1897 159 74 promesse
607 1897 119 74 qu’il
687 1897 93 74 lui
740 1897 66 74 a
766 1897 119 74 faite
846 1897 80 74 de
886 1897 80 74 la
926 1897 186 74 traduction
1072 1897 80 74 de
1098 1897 133 74 quelques

169 1956 142 57 hymnes
268 1956 99 57 des
325 1956 142 57 Védas.
424 1956 99 57 «Si
481 1956 113 57 vous
552 1956 184 57 trouviez,
694 1956 113 57 dans
765 1956 99 57 les
822 1956 184 57 monuments
963 1956 199 57 orientaux,
1105 1956 128 57 quelque
