1239 2128
590 35 47 58 —
608 35 47 58 2
618 35 28 58 —

182 88 131 76 Lettre
274 88 262 76 très-remarquable
497 88 92 76 sur
549 88 92 76 des
602 88 157 76 affaires
720 88 79 76 de
759 88 144 76 famille
864 88 79 76 et
903 88 92 76 sur
956 88 79 76 un
995 88 144 76 mariage
1087 88 118 76 qu’elle

165 151 173 38 regrette.
298 151 93 38 «Il
351 151 80 38 ne
391 151 106 38 faut
457 151 106 38 rien
523 151 146 38 trouver
630 151 159 38 estrange
749 151 80 38 en
789 151 80 38 ce
829 151 120 38 temps
909 151 120 38 plein
988 151 173 38 d’orreurs
1121 151 80 38 et
1148 151 53 38 de

170 183 189 44 confusions
318 183 94 44 par
372 183 121 44 tout.
452 183 108 44 Nous
520 183 81 44 ne
560 183 162 44 saurions
682 183 121 44 faire
762 183 94 44 que
816 183 81 44 en
857 183 121 44 gémir
938 183 81 44 et
978 183 121 44 prier
1059 183 108 44 Dieu
1113 183 94 44 qu’il

168 214 164 33 soustienne
297 214 70 33 et
332 214 141 33 fortifie
438 214 70 33 le
473 214 105 33 petit
543 214 117 33 nombre
625 214 70 33 de
660 214 94 33 ceus
719 214 82 33 qui
766 214 70 33 le
801 214 117 33 prient
883 214 70 33 et
918 214 176 33 l’invoquent
1058 214 70 33 en
1082 214 117 33 vérité.»

166 241 105 42 Elle
231 241 144 42 déplore
336 241 79 42 le
376 241 157 42 désastre
494 241 79 42 de
533 241 118 42 Sedan
612 241 79 42 et
651 241 131 42 plaint
743 241 79 42 la
782 241 118 42 bonne
861 241 157 42 duchesse
979 241 197 42 douairière.
1123 241 79 42 Elle

163 279 150 51 n’oublie
275 279 88 51 pas
325 279 88 51 que
375 279 75 51 la
413 279 138 51 famille
513 279 75 51 de
550 279 88 51 son
600 279 100 51 père
663 279 63 51 a
688 279 125 51 trouvé
775 279 75 51 un
813 279 125 51 refuge
900 279 63 51 à
925 279 113 51 Sedan
1000 279 113 51 après
1075 279 75 51 la
1100 279 100 51 Saint

141 303 176 47 Barthélemy

155 331 145 73 28555.
256 331 145 73 BALZAC
357 331 159 73 (Honoré
473 331 116 73 de),
546 331 87 73 le
589 331 130 73 grand
676 331 203 73 romancier.
835 331 72 73 —
864 331 87 73 L.
908 331 87 73 a.
937 331 72 73 s.;

148 387 134 53 jeudi
237 387 104 53 29,
297 387 74 53 1
326 387 89 53 p.
371 387 104 53 pl.
430 387 134 53 in-8.
520 387 134 53 Jolie
609 387 149 53 pièce.
713 387 89 53 10
742 387 45 53 »

153 432 147 56 28556.
256 432 177 56 BARAGUEY
389 432 206 56 D’HILLIERS
551 432 206 56 (Achille),
713 432 177 56 maréchal
845 432 88 56 de
890 432 162 56 France.
1007 432 74 56 —
1022 432 59 56 L.

156 476 87 58 a.
200 476 102 58 s.;
258 476 131 58 1869,
345 476 73 58 1
374 476 87 58 p.
418 476 131 58 in-8.
505 476 73 58 3
519 476 44 58 »

143 520 157 53 28557.
253 520 220 53 BARBESIEUX
427 520 220 53 (L.-Fr.-M.
600 520 94 53 LE
647 520 189 53 TELLIER,
789 520 173 53 marquis
915 520 126 53 de),
993 520 126 53 fils
1072 520 94 53 de
1104 520 94 53 Lou-

146 572 173 55 vois,
261 572 173 55 qu’il
377 572 231 55 remplaça
550 572 116 55 au
608 572 250 55 ministère
801 572 116 55 de
858 572 116 55 la
916 572 212 55 guerre,
1070 572 154 55 mort
1147 572 58 55 à

532 605 109 74 l’âge
604 605 72 74 de
640 605 72 74 33
677 605 96 74 ans.
737 605 60 74 —
761 605 72 74 L.
797 605 72 74 a.
833 605 72 74 s.
870 605 60 74 à
894 605 253 74 Monseigneur.....;
1099 605 96 74 Marly,

152 645 86 65 29
195 645 157 65 juillet
309 645 129 65 1694,
395 645 72 65 2
424 645 86 65 p.
466 645 100 65 1/2
524 645 129 65 in-4.
609 645 86 65 20
638 645 43 65 »

198 697 184 44 Très-belle
342 697 145 44 lettre,
448 697 131 44 pleine
540 697 79 44 de
579 697 171 44 nouvelles
711 697 197 44 militaires.
868 697 118 44 «Pour
947 697 79 44 ce
987 697 92 44 qui
1039 697 145 44 regarde
1131 697 66 44 les

155 737 146 41 costes,
261 737 93 41 les
314 737 146 41 ennemys
421 737 93 41 ont
474 737 120 41 jetté
554 737 106 41 plus
620 737 80 41 de
660 737 106 41 deux
727 737 93 41 mil
780 737 106 41 cinq
846 737 120 41 cents
926 737 133 41 bombes
1019 737 106 41 dans
1072 737 120 41 Dieppey

151 766 99 43 dont
213 766 75 43 le
250 766 112 43 tiers
325 766 75 43 de
362 766 75 43 la
399 766 112 43 ville
474 766 62 43 a
499 766 99 43 este
561 766 137 43 bruslé.
660 766 87 43 Ils
710 766 99 43 sont
772 766 112 43 venus
847 766 137 43 ensuite
946 766 75 43 se
984 766 162 43 présentar
1096 766 99 43 devant

155 800 80 43 le
195 800 120 43 Hâvre
275 800 80 43 où
315 800 94 43 ils
368 800 80 43 en
409 800 94 43 ont
462 800 107 43 bien
529 800 107 43 jeté
596 800 120 43 douze
676 800 80 43 ou
716 800 134 43 quinze
809 800 120 43 cents
890 800 94 43 qui
943 800 94 43 ont
997 800 134 43 bruslé
1090 800 107 43 deux
1144 800 53 43 ou

150 835 116 49 trois
228 835 142 49 maisons
331 835 78 49 et
370 835 78 49 en
408 835 90 49 ont
460 835 116 49 ruiné
538 835 258 49 quelques-unes...
744 835 39 49 »

147 861 147 60 28558.
250 861 206 60 BAUDELAIRE
412 861 206 60 (Charles),
574 861 177 60 l’auteur
706 861 103 60 des
765 861 191 60 Fleurs
912 861 88 60 du
957 861 162 60 mal
1074 861 74 60 —
1104 861 88 60 L.
1133 861 59 60 a.

149 909 105 56 s.
201 909 87 56 à
236 909 227 56 Théophile
410 909 209 56 Gautier,
567 909 105 56 21
619 909 157 56 avril
724 909 157 56 1859,
828 909 122 56 314
898 909 105 56 de
950 909 105 56 p.
1002 909 157 56 in-8.
1089 909 105 56 Fri-

157 947 61 62 pée.
195 947 46 62 10
211 947 30 62 >»

186 998 151 51 Curieuse
300 998 126 51 lettre
388 998 76 51 de
426 998 227 51 recommandation
615 998 76 51 en
653 998 126 51 faveur
742 998 101 51 d’un
805 998 139 51 peintre
906 998 76 51 de
944 998 139 51 talent,
1045 998 76 51 M.
1070 998 126 51 Garipuy.

134 1044 158 56 28559.
245 1044 142 56 BAYEN
339 1044 205 56 (Pierre),
497 1044 174 56 célèbre
623 1044 205 56 chimiste.
781 1044 79 56 —
812 1044 95 56 L.
860 1044 95 56 a.
907 1044 95 56 s.
954 1044 79 56 à
986 1044 95 56 M.
1018 1044 174 56 Charlard;

144 1091 99 54 14
193 1091 214 54 novembre,
358 1091 82 54 1
391 1091 99 54 p.
440 1091 148 54 in-4.
539 1091 82 54 4
556 1091 49 54 »

134 1135 149 52 28560.
238 1135 134 52 BAZIN
328 1135 149 52 (Fr.),
432 1135 224 52 compositeur
611 1135 89 52 de
656 1135 179 52 musique,
790 1135 149 52 auteur
895 1135 89 52 du
939 1135 194 52 Voyage
1074 1135 119 52 en

713 1174 150 66 Chine
837 1174 70 66 mort
881 1174 123 66 récemment.
978 1174 53 66 L.
1004 1174 53 66 a.
1030 1174 53 66 s.
1057 1174 44 66 à
1074 1174 88 66 Merle;
1127 1174 62 66 Paris

144 1213 102 67 1er
203 1213 116 67 oct.
275 1213 131 67 1840,
362 1213 73 67 1
392 1213 87 67 p.
435 1213 131 67 in-8.
522 1213 73 67 3
537 1213 58 67 50

192 1257 78 52 Il
231 1257 157 52 l’invite
349 1257 65 52 à
375 1257 117 52 venir
453 1257 157 52 entendre
570 1257 78 52 sa
610 1257 157 52 cantate,
727 1257 91 52 qui
779 1257 65 52 a
805 1257 91 52 été
858 1257 170 52 couronnée
988 1257 91 52 par
1027 1257 170 52 l’Académie.

129 1304 150 47 28561.
234 1304 225 47 BEAUHARNAIS
415 1304 241 47 (Joséphine),
610 1304 225 47 impératrice
790 1304 105 47 des
851 1304 195 47 Français.
1001 1304 75 47 —
1016 1304 60 47 L.

150 1344 86 76 a.
193 1344 100 76 s.;
250 1344 72 76 8
278 1344 143 76 avril,
379 1344 72 76 1
407 1344 86 76 p.
450 1344 100 76 1/2
507 1344 129 76 in-8.
593 1344 129 76 Jolie
679 1344 157 76 lettre.
793 1344 86 76 25
822 1344 43 76 »

138 1415 145 48 28562.
240 1415 218 48 BEAUHARNAIS
415 1415 218 48 (Hortense),
589 1415 131 48 reine
676 1415 87 48 de
720 1415 189 48 Hollande,
865 1415 116 48 mère
938 1415 87 48 de
967 1415 102 48 Napo-

140 1457 138 47 léon
226 1457 138 47 III.
313 1457 87 47 —
347 1457 104 47 L.
399 1457 104 47 a.
451 1457 104 47 s.
503 1457 104 47 au
555 1457 208 47 libraire
711 1457 277 47 Levavasseur;
936 1457 104 47 30
987 1457 156 47 avril
1074 1457 121 47 1834,

146 1495 67 60 1
172 1495 81 60 p.
213 1495 81 60 in
253 1495 81 60 8,
294 1495 148 60 cachet.
402 1495 81 60 10
429 1495 40 60 »

188 1543 100 47 Elle
250 1543 75 47 le
287 1543 150 47 remercie
400 1543 75 47 du
437 1543 100 47 soin
500 1543 112 47 qu’il
575 1543 62 47 a
600 1543 137 47 apporté
700 1543 100 47 dans
762 1543 162 47 l’édition
887 1543 100 47 d’un
950 1543 75 47 de
987 1543 87 47 ses
1025 1543 137 47 ouvrages.

146 1583 139 50 28563.
243 1583 194 50 BERTHELEMY
396 1583 167 50 (J.-S.),
521 1583 153 50 peintre
632 1583 208 50 d’histoire,
799 1583 83 50 né
841 1583 69 50 à
869 1583 125 50 Laon.
952 1583 69 50 —
980 1583 83 50 L.
1007 1583 56 50 a.

138 1629 106 52 s.
191 1629 88 52 à
226 1629 352 52 l’administration
526 1629 106 52 du
579 1629 158 52 Musée
684 1629 194 52 central
825 1629 123 52 des
896 1629 158 52 arts;
1001 1629 106 52 17
1037 1629 158 52 floréal

146 1666 85 63 an
188 1666 99 63 IX,
245 1666 99 63 1/2
301 1666 85 63 p.
344 1666 127 63 in-4.
428 1666 71 63 5
443 1666 42 63 »

198 1716 79 52 Il
237 1716 79 52 va
277 1716 158 52 exécuter
395 1716 79 52 un
435 1716 145 52 plafond
540 1716 105 52 dans
606 1716 79 52 le
645 1716 171 52 vestibule
777 1716 79 52 du
816 1716 118 52 musée
895 1716 92 52 des
934 1716 145 52 Antiques.

148 1755 169 53 28564.
266 1755 270 53 BEURNONVILLE
486 1755 186 53 (Pierre
620 1755 101 53 de
671 1755 152 53 RIEL,
772 1755 186 53 marquis
907 1755 135 53 de),
992 1755 202 53 maréchal
1127 1755 67 53 de

154 1800 176 49 France
277 1800 105 49 et
330 1800 211 49 ministre
488 1800 105 49 de
541 1800 105 49 la
593 1800 193 49 guerre,
734 1800 105 49 né
786 1800 88 49 à
821 1800 281 49 Champignolle
1032 1800 158 49 (Aube).

202 1841 82 50 —
234 1841 98 50 L.
283 1841 98 50 a.
332 1841 114 50 s.;
398 1841 164 50 Paris,
512 1841 114 50 1er
578 1841 131 50 oct.
659 1841 147 50 1815,
758 1841 82 50 3
790 1841 98 50 p.
839 1841 114 50 1/2
905 1841 147 50 in-4.
986 1841 213 50 Très

147 1881 192 54 déchirure.
298 1881 69 54 3
312 1881 41 54 »

196 1930 72 52 Il
232 1930 72 52 se
268 1930 120 52 plaint
353 1930 72 52 de
389 1930 72 52 ce
425 1930 108 52 qu’on
497 1930 96 52 loge
557 1930 96 52 chez
618 1930 84 52 lui
666 1930 96 52 trop
726 1930 72 52 de
762 1930 133 52 soldats
859 1930 169 52 étrangers.
991 1930 133 52 Curieux
1076 1930 120 52 détails.

151 1961 148 55 28565.
255 1961 192 55 BRÉQUIGNY
403 1961 148 55 (L.-G.
506 1961 118 55 de),
580 1961 207 55 historien,
743 1961 163 55 éditeur
861 1961 104 55 des
905 1961 296 55 Ordonnances

148 2016 161 54 des
260 2016 128 54 Rois
341 2016 96 54 de
389 2016 241 54 France
581 2016 161 54 membre
694 2016 96 54 de
742 2016 225 54 l’Académie
918 2016 225 54 française.
1079 2016 48 54 —
