1669 2877
503 107 531 153 CATALOGUE

79 269 232 94 DE
195 269 426 94 LETTRES
505 269 619 94 AUTOGRAPHES,
970 269 503 94 MANUSCRITS,

456 355 304 107 DOCUMENTS
703 355 304 107 HISTORIQUES,
930 355 190 107 ETC.

348 507 553 107 AUGUOIE
700 507 704 107 AUEREEI

369 608 135 113 A
423 608 270 113 Paris,
612 608 189 113 rue
720 608 458 113 Saint-Lazare,
1070 608 135 113 24.

571 800 205 93 Vente
725 800 86 93 à
742 800 274 93 l’amiable,

348 857 165 73 soit
451 857 144 73 par
534 857 309 73 l’insertion
781 857 165 73 dans
884 857 124 73 le
925 857 309 73 bulletin,

174 910 202 78 soit
315 910 142 78 aux
396 910 243 78 enchères
578 910 283 78 publiques,
801 910 121 78 de
861 910 303 78 Collections
1104 910 121 78 ou
1144 910 263 78 parties

350 984 173 75 de
465 984 289 75 Collections
697 984 116 75 de
754 984 212 75 Lettres
889 984 347 75 autographes,

502 1028 312 49 Doéuments
735 1028 351 49 historiques,

546 1068 350 63 NMHanuscrits,
844 1068 158 63 etc.,
932 1068 105 63 etc.

113 1111 279 82 Achats.
333 1111 100 82 —
372 1111 259 82 Échanges.
572 1111 100 82 —
612 1111 299 82 Expertises.
851 1111 100 82 —
891 1111 259 82 Rédaction
1091 1111 120 82 de
1131 1111 339 82 Catalogues.

283 1267 247 108 N°
447 1267 192 108 14.
556 1267 137 108 —
611 1267 520 108 JANVIER-FÉVRIER
1022 1267 274 108 1858

70 1435 189 82 2467.
196 1435 504 82 Abd’-el-Kader
637 1435 147 82 (le
721 1435 231 82 célèbre
889 1435 210 82 émir).
1036 1435 126 82 Né
1099 1435 126 82 en
1141 1435 147 82 1808.

162 1500 129 69 1°
227 1500 194 69 Ordre
356 1500 366 69 d’arrestation
658 1500 151 69 (en
744 1500 237 69 arabe),
916 1500 215 69 revêtu
1067 1500 129 69 du
1131 1500 215 69 cachet
1261 1500 258 69 d’Abd’-

118 1552 187 66 Kader
243 1552 187 66 (avec
367 1552 124 66 la
429 1552 290 66 traduction
658 1552 124 66 en
720 1552 290 66 francais).
948 1552 207 66 Petite
1093 1552 166 66 page
1176 1552 166 66 in

162 1607 123 66 2°
224 1607 185 66 Ordre
347 1607 226 66 d’obéir
512 1607 123 66 au
573 1607 246 66 Kralifat
758 1607 144 66 (en
840 1607 226 66 arabe),
1005 1607 205 66 revêtu
1148 1607 123 66 du
1210 1607 205 66 cachet
1333 1607 185 66 d’Abd’-

117 1630 255 77 el-Kader
308 1630 191 77 (avec
435 1630 127 77 la
499 1630 297 77 traduction
732 1630 127 77 en
796 1630 255 77 français
987 1630 127 77 de
1050 1630 233 77 l’ordre
1220 1630 127 77 et
1284 1630 149 77 des
1347 1630 170 77 légen-

119 1700 142 73 des
200 1700 122 73 du
261 1700 243 73 cachet).
443 1700 101 73 1
484 1700 122 73 p.
544 1700 182 73 petit
646 1700 162 73 in

163 1707 125 102 3°
226 1707 208 102 Lettre
372 1707 146 102 (en
455 1707 229 102 arabe),
622 1707 146 102 par
705 1707 188 102 suite
830 1707 188 102 d’une
955 1707 250 102 plainte,
1143 1707 229 102 revêtue
1310 1707 125 102 du
1351 1707 167 102 cachet

116 1783 131 67 de
182 1783 197 67 Hadji
313 1783 285 67 Mustapha,
532 1783 263 67 Kralifat
729 1783 416 67 d’Abd’-el-kader
1079 1783 197 67 (avec
1211 1783 131 67 la
1254 1783 263 67 traduction

118 1843 120 70 en
178 1843 281 70 français).
399 1843 100 70 1
439 1843 120 70 p.
499 1843 161 70 pet.
579 1843 161 70 in

160 1887 129 69 4°
224 1887 194 69 Ordre
353 1887 129 69 de
418 1887 323 69 réquisition
676 1887 172 69 pour
783 1887 129 69 le
848 1887 237 69 service
1020 1887 129 69 de
1084 1887 237 69 l’armée
1256 1887 151 69 (en
1321 1887 194 69 arabe),

115 1941 222 61 revêtu
270 1941 178 61 d’un
382 1941 222 61 cachet
537 1941 133 61 de
604 1941 200 61 Hadji
738 1941 289 61 Mustapha,
960 1941 267 61 Kralifat
1138 1941 378 61 d’Abd’

118 1986 181 64 (avec
239 1986 121 64 la
299 1986 282 64 traduction
520 1986 121 64 en
580 1986 282 64 français).
802 1986 101 64 1
842 1986 121 64 p.
882 1986 161 64 in

161 2004 131 88 5°
227 2004 197 88 Ordre
358 2004 131 88 de
423 2004 306 88 nomination
664 2004 131 88 de
729 2004 197 88 l’Aga
860 2004 153 88 des
948 2004 240 88 Medjers
1123 2004 153 88 (en
1210 2004 240 88 arabe),
1363 2004 153 88 revé-

115 2070 133 83 tu
181 2070 133 83 du
248 2070 222 83 cachet
404 2070 133 83 de
471 2070 200 83 Hadii
604 2070 289 83 Mustaphe,
827 2070 267 83 Kralifat
1027 2070 423 83 d’Abd’-el-Kader
1360 2070 156 83 (avec

116 2118 123 90 la
177 2118 286 90 traduction
401 2118 123 90 en
463 2118 286 90 français).
687 2118 102 90 1
728 2118 123 90 p.
769 2118 143 90 in

162 2149 153 100 6°.
250 2149 306 100 Autocraphe
490 2149 153 100 (en
577 2149 240 100 arabe),
752 2149 218 100 revêtu
905 2149 131 100 du
970 2149 218 100 cachet
1123 2149 371 100 d’El-Barkani,
1407 2149 109 100 bey

120 2222 121 71 de
180 2222 202 71 Médéa,
322 2222 242 71 Éralifat
503 2222 384 71 d’Abd’-el-Kader
827 2222 182 71 (avec
948 2222 121 71 la
1008 2222 283 71 traduction
1230 2222 121 71 en
1271 2222 242 71 français).

119 2271 102 71 1
159 2271 163 71 pet.
261 2271 122 71 p.
302 2271 163 71 in

164 2290 131 110 Ce
230 2290 175 110 chef
339 2290 197 110 était
470 2290 131 110 le
535 2290 175 110 plus
645 2290 284 110 important
863 2290 306 110 personnage
1103 2290 131 110 de
1169 2290 240 110 l’armée
1343 2290 131 110 de
1387 2290 131 110 l’é-

118 2373 169 55 mir.
224 2373 127 55 Il
287 2373 148 55 est
372 2373 275 55 d’origine
583 2373 296 55 princière,
815 2373 127 55 sa
879 2373 233 55 famille
1048 2373 148 55 est
1133 2373 169 55 plus
1238 2373 254 55 ancienne
1407 2373 106 55 que

118 2417 187 90 celle
243 2417 416 90 d’Abd’-el-Kader,
597 2417 167 90 mais
701 2417 125 90 il
764 2417 146 90 n’a
847 2417 146 90 pas
930 2417 125 90 la
993 2417 250 90 renommée
1180 2417 125 90 de
1242 2417 208 90 talent
1388 2417 125 90 et
1430 2417 83 90 de

123 2466 173 84 piété
238 2466 154 84 dont
334 2466 173 84 jouit
450 2466 212 84 l’émir,
604 2466 96 84 à
642 2466 173 84 juste
738 2466 154 84 titre.

162 2485 137 106 7°
231 2485 206 106 Ordre
368 2485 137 106 de
437 2485 229 106 marche
597 2485 137 106 de
666 2485 252 106 l’armée
849 2485 229 106 navale
1009 2485 137 106 du
1078 2485 114 106 2
1124 2485 252 106 juillet
1307 2485 206 106 1830,
1421 2485 92 106 du

117 2563 164 51 vice
219 2563 205 51 amiral
362 2563 245 51 Duperré,
546 2563 102 51 1
587 2563 123 51 p.
648 2563 389 51 (lithographiée)
976 2563 225 51 in-fol.
1119 2563 184 51 oblong.

162 2586 137 102 8°
231 2586 367 102 Proclamation
529 2586 137 102 en
597 2586 206 102 arabe
735 2586 137 102 du
804 2586 275 102 maréchal
1010 2586 275 102 Bugeaud.
1216 2586 115 102 1
1262 2586 137 102 p.
1308 2586 206 102 (lith.)

96 2651 183 71 in
