1670 2973
603 75 186 85 —
677 75 261 85 197
789 75 112 85 —

31 141 184 100 2513.
154 141 369 100 Desèze,
461 141 267 100 défenseur
666 141 123 100 de
728 141 185 100 Louis
851 141 164 100 XVI.
953 141 123 100 L.
1015 141 164 100 aut.
1117 141 185 100 sig.,
1240 141 103 100 à
1281 141 123 100 M.
1322 141 164 100 Auger,

78 225 143 56 de
150 225 263 56 l’Acad.
341 225 334 56 française.
603 225 143 56 Le
675 225 239 56 lundi.
842 225 119 56 1
890 225 143 56 p.
962 225 167 56 pl.
1057 225 215 56 in-8.
1200 225 263 56 Cachet.
1391 225 119 56 5
1415 225 72 56 »

32 275 190 61 2514.
158 275 316 61 Dino
411 275 232 61 (madame
580 275 126 61 la
643 275 253 61 duchesse
833 275 169 61 de).
938 275 126 61 L.
1001 275 169 61 aut.
1107 275 169 61 sig.
1212 275 211 61 Paris,
1338 275 148 61 1820.

8 316 461 55 1
192 316 554 55 p.
469 316 923 55 in-18.
1115 316 461 55 2
1207 316 277 55 »

32 356 196 70 2515.
163 356 196 70 Du
293 356 282 70 Barri
510 356 239 70 (madame
684 356 130 70 la
749 356 304 70 comtesse),
988 356 282 70 maîtresse
1206 356 130 70 de
1271 356 196 70 Louis
1379 356 109 70 XV.

79 410 197 61 Ordre
211 410 132 61 de
276 410 263 61 payement
474 410 197 61 d’une
606 410 197 61 somme
737 410 132 61 de
803 410 154 61 400
891 410 241 61 livres.
1066 410 219 61 Quatre
1220 410 219 61 lignes
1351 410 132 61 aut.

52 459 396 58 sig.
299 459 446 58 (in-8
596 459 297 58 en
745 459 644 58 travers).
1240 459 297 58 10
1339 459 149 58 »

29 513 216 65 2516.
173 513 216 65 Du
316 513 431 65 Sommerard,
676 513 359 65 antiquaire,
963 513 311 65 fondateur
1203 513 144 65 du
1274 513 216 65 Musée
1394 513 96 65 de

73 548 309 64 Clunv.
289 548 185 64 L.
382 548 247 64 aut.
536 548 247 64 sig.
690 548 278 64 1837.
876 548 154 64 1
937 548 185 64 p.
1030 548 216 64 pl.
1153 548 278 64 in-8.
1339 548 154 64 2
1370 548 123 64 50

37 612 161 61 2517.
144 612 286 61 Fabre
377 612 107 61 de
431 612 304 61 l'Aube
682 612 125 61 (le
753 612 197 61 comte),
896 612 233 61 sénateur.
1075 612 107 61 L.
1129 612 143 61 aut.
1219 612 161 61 sig.,
1326 612 90 61 à
1344 612 143 61 Mgr...

68 646 347 64 Paris,
311 646 174 64 7
381 646 278 64 juin
554 646 312 64 1815.
762 646 174 64 2
832 646 243 64 gr.
971 646 208 64 p.
1075 646 382 64 in-fol.
1352 646 174 64 5
1387 646 104 64 »

35 699 177 66 2518.
153 699 315 66 Ferdinand
409 699 217 66 Ker
567 699 236 66 empereur
744 699 315 66 d’Allemagne,
1000 699 177 66 frère
1118 699 118 66 de
1157 699 335 66 Charles

86 742 303 64 Quint
333 742 190 64 Minute
465 742 152 64 aut.
560 742 152 64 sig.
655 742 133 64 (en
731 742 171 64 latin
844 742 95 64 à
882 742 114 64 la
939 742 114 64 3e
996 742 265 64 personne),
1205 742 171 64 1563.
1318 742 95 64 2
1356 742 133 64 gr.
1413 742 76 64 p.

47 804 389 54 pl.
270 804 333 54 et
436 804 500 54 demie
770 804 611 54 in-fol.
1214 804 333 54 25
1325 804 167 54 »

36 840 170 70 2519.
150 840 360 70 Florian,
453 840 265 70 fabuliste,
661 840 189 70 membre
793 840 114 70 de
850 840 265 70 l’Académie
1059 840 265 70 française.
1248 840 246 70 Pen

82 893 246 49 sées
261 893 179 49 pour
372 893 336 49 Numa..
641 893 179 49 Aut.
753 893 112 49 3
798 893 157 49 gr.
887 893 134 49 p.
954 893 157 49 pl.
1044 893 134 49 et
1111 893 201 49 tiers
1245 893 201 49 in-4.
1379 893 134 49 15
1424 893 67 49 »

35 946 192 54 2520.
163 946 512 54 Frédéric-Guillame
611 946 213 54 II
760 946 149 54 roi
846 946 128 54 de
910 946 235 54 Prusse.
1080 946 128 54 L.
1145 946 192 54 aut.,
1273 946 107 54 à
1294 946 192 54 Mlle...

33 994 364 50 1
179 994 437 50 p.
398 994 510 50 pl.
689 994 656 50 in-4.
1127 994 437 50 15
1272 994 219 50 »

132 1041 122 56 Il
193 1041 142 56 lui
274 1041 203 56 envoie
416 1041 163 56 cent
518 1041 183 56 louis
640 1041 163 56 pour
741 1041 264 56 accélérer
944 1041 142 56 son
1026 1041 224 56 arrivée
1188 1041 102 56 à
1229 1041 183 56 Paris
1351 1041 122 56 et
1391 1041 102 56 son

83 1083 296 57 triomphe.
311 1083 410 57 L’empressement
653 1083 251 57 qu’elle
836 1083 114 57 a
881 1083 274 57 témoigné
1087 1083 137 57 de
1155 1083 160 57 s’y
1246 1083 228 57 rendre
1383 1083 114 57 est

86 1132 150 62 des
171 1132 171 62 plus
278 1132 235 62 justes,
449 1132 192 62 ainsi
577 1132 150 62 que
663 1132 342 62 l'impatience
940 1132 171 62 avec
1047 1132 256 62 laquelle
1240 1132 256 62 l’attend
1411 1132 85 62 le

84 1176 217 64 public
236 1176 130 64 le
301 1176 174 64 plus
410 1176 239 64 éclairé
583 1176 130 64 et
649 1176 130 64 le
714 1176 174 64 plus
822 1176 326 64 connaisseur
1083 1176 130 64 de
1148 1176 282 64 l’Europe.
1343 1176 152 64 «Vous

87 1215 254 73 «seule,
272 1215 139 73 ma
341 1215 208 73 chère
480 1215 231 73 Fanni,
642 1215 185 73 vous
758 1215 254 73 rendrés
943 1215 139 73 le
1012 1215 278 73 brillant
1220 1215 139 73 au
1267 1215 231 73 Théâtre-

88 1284 309 55 «Français,
330 1284 198 55 votre
463 1284 220 55 talent
617 1284 243 55 sublime
793 1284 176 55 peut
904 1284 176 55 seul
1014 1284 287 55 compenser
1234 1284 154 55 les
1301 1284 198 55 grandes

88 1330 242 60 «pertes
264 1330 198 60 qu’il
396 1330 198 60 vient
507 1330 330 60 d’essuier...»

36 1358 194 78 2521.
166 1358 602 78 Frédéric-Adolphe,
703 1358 151 78 roi
789 1358 129 78 de
854 1358 215 78 Suède.
1004 1358 129 78 L.
1069 1358 172 78 aut.
1176 1358 172 78 sig.
1284 1358 151 78 (en
1348 1358 151 78 fran-

77 1411 323 64 çais),
303 1411 194 64 au
400 1411 323 64 roi...
626 1411 258 64 Sans
787 1411 291 64 date.
981 1411 162 64 2
1046 1411 194 64 p.
1143 1411 291 64 in-4.
1336 1411 162 64 7
1369 1411 129 64 50

40 1461 183 70 2522.
161 1461 365 70 Fronzac
466 1461 142 70 (le
547 1461 142 70 duc
628 1461 162 70 de),
730 1461 162 70 fils
831 1461 122 70 du
892 1461 244 70 maréchal
1075 1461 122 70 de
1136 1461 284 70 Richelieu,
1339 1461 162 70 inten

90 1510 168 81 dant
195 1510 231 81 général
363 1510 147 81 des
447 1510 273 81 théâtres.
657 1510 126 81 L.
720 1510 168 81 aut.
826 1510 189 81 sig.,
952 1510 105 81 à
994 1510 273 81 Préville.
1204 1510 210 81 Marly,
1351 1510 126 81 11
1393 1510 105 81 mai

47 1553 567 62 1781.
425 1553 441 62 1/2
677 1553 378 62 p.
867 1553 567 62 in-8.
1245 1553 315 62 6
1308 1553 189 62 »

139 1599 122 71 Il
200 1599 122 71 le
261 1599 163 71 prie
362 1599 122 71 de
423 1599 183 71 venir
545 1599 183 71 jouer
667 1599 102 71 à
708 1599 183 71 Marly
830 1599 122 71 le
890 1599 142 71 Bal
972 1599 284 71 bourgeois.
1195 1599 122 71 Il
1256 1599 183 71 croit
1358 1599 142 71 qu’il

92 1657 152 61 est
179 1657 282 61 au-dessus
396 1657 130 61 de
461 1657 130 61 la
525 1657 282 61 petitesse
742 1657 152 61 d’y
829 1657 282 61 répugner,
1045 1657 238 61 Dugazon
1218 1657 238 61 l’ayant
1370 1657 130 61 joué

90 1703 112 53 à
134 1703 291 53 Brunoy...
358 1703 134 53 Il
425 1703 179 53 doit
537 1703 246 53 ajouter
716 1703 157 53 que
806 1703 134 53 la
873 1703 201 53 reine
1007 1703 157 53 lui
1097 1703 134 53 en
1164 1703 201 53 saura
1299 1703 179 53 fort
1388 1703 112 53 bon

60 1758 201 61 gré...

43 1782 198 87 2523.
175 1782 330 87 Geoffroy
439 1782 484 87 Saint-Hilaire,
856 1782 242 87 célèbre
1032 1782 352 87 naturaliste.
1318 1782 132 87 L.
1362 1782 132 87 aut.

90 1844 208 67 sig.,
229 1844 116 67 à
275 1844 185 67 M...
391 1844 231 67 Paris,
553 1844 116 67 7
599 1844 278 67 frimaire
807 1844 139 67 an
876 1844 162 67 VI.
969 1844 116 67 4
1015 1844 162 67 gr.
1108 1844 139 67 p.
1177 1844 162 67 pl.
1270 1844 208 67 in-4.
1408 1844 116 67 6
1432 1844 69 67 »

144 1904 213 59 Lettre
293 1904 341 59 intéressante
569 1904 128 59 au
633 1904 192 59 sujet
761 1904 128 59 de
825 1904 149 59 son
910 1904 213 59 projet
1059 1904 128 59 de
1102 1904 255 59 mariage...

44 1931 188 77 2524.
169 1931 292 77 Georges
398 1931 229 77 HII
565 1931 146 77 roi
649 1931 354 77 d’Angleterre.
940 1931 125 77 Sa
1003 1931 271 77 signature
1211 1931 125 77 en
1274 1931 167 77 tête
1357 1931 146 77 d’une

92 1994 290 62 commission
320 1994 145 62 (en
403 1994 270 62 anglais),
611 1994 290 62 contresig.
839 1994 415 62 Weymouth
1191 1994 187 62 1779.
1315 1994 104 62 3
1357 1994 145 62 gr.
1419 1994 83 62 p.

38 2040 846 57 in-fol.
654 2040 769 57 Sceau.
1192 2040 385 57 5
1269 2040 231 57 »

44 2086 190 68 2525.
171 2086 296 68 Georges
404 2086 212 68 IV
552 2086 148 68 roi
636 2086 360 68 d’Angleterre.
933 2086 127 68 Sa
996 2086 275 68 signature
1208 2086 127 68 en
1271 2086 169 68 tête
1356 2086 148 68 d’une

89 2139 335 54 commission
352 2139 192 54 pour
472 2139 216 54 Will.
616 2139 239 54 Tripp.
784 2139 216 54 1809.
927 2139 120 54 2
975 2139 144 54 p.
1047 2139 263 54 in-fol.
1239 2139 239 54 Sceau.
1406 2139 120 54 5
1430 2139 72 54 »

44 2179 185 64 2526.
168 2179 391 64 Guillard
497 2179 473 64 (Nicolas-François),
908 2179 185 64 poëte
1031 2179 288 64 dramatique
1257 2179 123 64 et
1298 2179 206 64 lyrique,

94 2225 135 66 né
161 2225 112 66 à
206 2225 292 66 Chartres.
430 2225 135 66 L.
497 2225 179 66 aut.
610 2225 202 66 sig.,
744 2225 112 66 à
789 2225 179 66 M...
901 2225 179 66 Sans
1013 2225 202 66 date.
1148 2225 112 66 2
1193 2225 135 66 p.
1260 2225 202 66 in-4.
1395 2225 112 66 7
1417 2225 90 66 50

46 2265 206 77 2527.
183 2265 297 77 Habert
412 2265 137 77 de
481 2265 366 77 Montmort
778 2265 412 77 (Henri-Louis),
1121 2265 229 77 membre
1281 2265 137 77 de
1327 2265 183 77 l’Aca

96 2320 191 68 démie
223 2320 297 68 française.
457 2320 212 68 Quitt.
605 2320 170 68 avec
711 2320 149 68 une
796 2320 191 68 ligne
924 2320 170 68 aut.
1030 2320 170 68 sig.
1136 2320 170 68 (sur
1221 2320 276 68 parchemin).

-37 2369 1389 58 1667.
889 2369 772 58 3
1043 2369 463 58 »

49 2411 180 87 2528.
169 2411 241 87 Henri
350 2411 220 87 IV,
510 2411 140 87 roi
590 2411 120 87 de
650 2411 220 87 France.
811 2411 120 87 L.
871 2411 160 87 aut.
971 2411 180 87 sig.,
1091 2411 100 87 à
1131 2411 120 87 M.
1191 2411 220 87 Maryon.
1332 2411 180 87 Fontai-

92 2467 333 60 nebleau,
342 2467 167 60 10
425 2467 278 60 avril.
620 2467 139 60 1
675 2467 167 60 p.
758 2467 305 60 in-fol.
981 2467 250 60 Belle
1147 2467 305 60 lettre.
1369 2467 167 60 50
1425 2467 83 60 »

50 2503 193 83 2529.
178 2503 408 83 Humboldé
521 2503 150 83 (le
607 2503 193 83 baron
736 2503 279 83 Alexandre
950 2503 172 83 de),
1058 2503 236 83 savant,
1208 2503 300 83 naturaliste,

89 2572 377 63 voyageur.
379 2572 174 63 L.
466 2572 232 63 aut.
611 2572 232 63 sig.
756 2572 290 63 Paris,
958 2572 145 63 3
1016 2572 203 63 gr.
1132 2572 174 63 p.
1219 2572 261 63 in-4.
1393 2572 145 63 5
1422 2572 87 63 »

49 2588 191 82 2530.
176 2588 403 82 Humboldé
516 2588 488 82 (Charles-Guillaume,
941 2588 191 82 baron
1068 2588 170 82 de),
1174 2588 255 82 ministre
1344 2588 170 82 d’Etat

96 2664 139 74 du
165 2664 162 74 roi
258 2664 139 74 de
328 2664 255 74 Prusse.
513 2664 139 74 L.
583 2664 185 74 aut.
699 2664 185 74 sig.
815 2664 232 74 Paris,
977 2664 116 74 9
1023 2664 278 74 brumaire
1232 2664 139 74 an
1301 2664 162 74 IX.
1394 2664 116 74 2
1417 2664 93 74 p.

-18 2702 1252 62 in-8.
817 2702 696 62 2
956 2702 556 62 50

56 2745 182 78 2531.
177 2745 182 78 La
298 2745 242 78 Chau
480 2745 222 78 (l’abbé
641 2745 161 78 de).
742 2745 202 78 Quitt.
883 2745 161 78 sig.
984 2745 161 78 (sur
1085 2745 242 78 parch.),
1267 2745 121 78 de
1327 2745 121 78 la
1368 2745 141 78 somme
