1651 3023
660 100 182 94 —
732 100 255 94 198
842 100 109 94 —

137 187 122 88 de
198 187 163 88 4176
299 187 203 88 livres
442 187 102 88 7
482 187 183 88 sols,
604 187 163 88 pour
706 187 142 88 les
787 187 244 88 dépenses
970 187 142 88 par
1051 187 142 88 lui
1133 187 203 88 faites
1275 187 122 88 et
1336 187 102 88 à
1376 187 183 88 faire
1478 187 61 88 à

137 251 124 68 la
199 251 330 68 bibliothèque
468 251 124 68 et
530 251 124 68 au
591 251 227 68 cabinet
757 251 144 68 des
839 251 227 68 pierres
1004 251 227 68 gravées
1169 251 124 68 du
1231 251 144 68 duc
1293 251 248 68 d’Orléans.

104 303 552 67 Paris,
490 303 276 67 4
600 303 496 67 avril
931 303 496 67 1783.
1262 303 276 67 2
1317 303 221 67 50

95 346 161 75 2532.
202 346 303 75 Laclos
452 346 125 75 (de
524 346 250 75 Clauderlos
720 346 143 75 de),
809 346 179 75 auteur
934 346 125 75 des
1006 346 268 75 Liaisons
1202 346 339 75 dangereuses.

123 397 384 71 Quitt.
391 397 307 71 sig.
584 397 307 71 (sur
776 397 461 71 parch.).
1121 397 346 71 1772.
1352 397 192 71 2
1390 397 154 71 25

95 442 184 80 5533.
217 442 184 80 La
340 442 328 80 Fontaine
606 442 246 80 (Poésies
791 442 246 80 diverses
975 442 123 80 de
1036 442 164 80 Jean
1118 442 123 80 de).

190 492 153 73 Ces
278 492 219 73 pièces
431 492 175 73 sont
540 492 153 73 les
628 492 219 73 copies
781 492 197 73 (dont
912 492 175 73 deux
1021 492 350 73 autographes)
1305 492 153 73 qui
1371 492 175 73 furent

144 543 260 75 envoyées
339 543 151 75 par
426 543 151 75 lui
512 543 173 75 pour
620 543 151 75 les
707 543 238 75 montrer
880 543 130 75 au
945 543 346 75 surintendant
1226 543 281 75 Foucquet.
1421 543 130 75 Der-

145 589 175 66 rière
261 589 117 66 la
320 589 214 66 plupart
476 589 117 66 on
534 589 136 66 lit
612 589 117 66 de
671 589 117 66 la
729 589 156 66 main
827 589 117 66 de
885 589 253 66 Pellisson
1080 589 273 66 Fontanier:
1295 589 175 66 M.
1392 589 156 66 de

149 654 133 60 La
223 654 221 60 Fontaine

192 684 120 71 4°
252 684 300 71 Fragment
492 684 120 71 du
552 684 180 71 Songe
672 684 120 71 de
732 684 260 71 Vaux
931 684 180 71 Comme
1051 684 200 71 Sylvie
1191 684 200 71 honora
1331 684 120 71 de
1391 684 120 71 sa
1431 684 120 71 pré-

145 733 201 69 sence
279 733 156 69 les
368 733 290 69 dernières
591 733 268 69 chansons
792 733 179 69 d’un
904 733 201 69 cygne
1038 733 156 69 qui
1128 733 134 69 se
1195 733 268 69 mouroit;
1396 733 134 69 et
1440 733 112 69 des

146 804 285 55 aventures
365 804 132 55 du
431 804 219 55 cygne.
585 804 110 55 8
629 804 132 55 p.
672 804 154 55 in

195 834 114 66 2°
252 834 247 66 Epître
442 834 95 66 à
480 834 114 66 M.
537 834 323 66 Foucquet
802 834 323 66 surintendant.
1068 834 95 66 3
1106 834 114 66 p.
1144 834 133 66 in

195 889 109 57 3°
249 889 182 57 Ode
377 889 127 57 sur
450 889 109 57 le
504 889 200 57 mariage
650 889 109 57 du
705 889 219 57 Roy
869 889 91 57 2
905 889 109 57 p.
942 889 127 57 in

197 925 115 64 4°
254 925 229 64 Lettre
426 925 96 64 à
464 925 134 64 une
541 925 172 64 jeune
656 925 210 64 abbesse
809 925 115 64 de
866 925 115 64 la
923 925 344 64 frontière
1210 925 134 64 (De
1286 925 115 64 la
1344 925 153 64 main
1439 925 115 64 de
1478 925 76 64 La

152 976 253 75 Fontaine:
346 976 253 75 Lettre
540 976 97 75 à
579 976 117 75 M.
637 976 117 75 D.
696 976 117 75 C.
754 976 117 75 A.
812 976 194 75 D
948 976 155 75 M.).
1045 976 97 75 3
1084 976 117 75 p.
1143 976 117 75 et
1201 976 175 75 demie
1298 976 136 75 in

198 1026 115 64 5°
255 1026 153 64 A
351 1026 191 64 madame
484 1026 115 64 la
542 1026 344 64 surintendante,
828 1026 134 64 sur
905 1026 115 64 ce
962 1026 191 64 quelle
1096 1026 134 64 est
1172 1026 248 64 accouchée
1344 1026 210 64 avant

156 1078 221 78 terme
321 1078 147 78 dans
414 1078 111 78 le
469 1078 221 78 carrosse
635 1078 111 78 en
690 1078 221 78 revenant
856 1078 111 78 de
911 1078 313 78 Toulouxe
1169 1078 92 78 2
1206 1078 111 78 p.
1243 1078 129 78 in

201 1117 120 67 6°
261 1117 259 67 <Madrigal
460 1117 120 67 au
520 1117 139 67 Roy
600 1117 120 67 et
659 1117 100 67 à
699 1117 279 67 l’Infante.
918 1117 100 67 —
958 1117 179 67 Autre
1078 1117 159 67 pour
1177 1117 120 67 le
1237 1117 159 67 Roy.
1337 1117 100 67 —
1357 1117 199 67 Autre</>

153 1172 198 62 sur
292 1172 119 62 le
351 1172 178 62 mesme
469 1172 217 62 suiect.
627 1172 99 62 —
667 1172 277 62 Epigramme.
884 1172 99 62 A
924 1172 296 62 Monseigneur
1161 1172 119 62 ie
1200 1172 356 62 surintendant

155 1221 187 71 qui
286 1221 112 71 ne
342 1221 224 71 s’estoit
511 1221 131 71 pas
585 1221 224 71 contenté
754 1221 112 71 de
810 1221 168 71 trois
922 1221 243 71 madrigaux
1109 1221 94 71 à
1147 1221 112 71 la
1203 1221 224 71 dernière
1352 1221 206 71 saint

156 1286 231 45 Jean.
329 1286 96 45 —
367 1286 250 45 Autre
560 1286 154 45 pour
656 1286 269 45 l’Infante.
868 1286 289 45 Autographe.
1098 1286 96 45 2
1137 1286 115 45 p.
1175 1286 135 45 in

205 1310 114 75 7°
262 1310 152 75 à
357 1310 114 75 M.
414 1310 322 75 Foucquet
679 1310 322 75 surintendant.
944 1310 95 75 6
982 1310 114 75 p.
1039 1310 152 75 aut.
1134 1310 114 75 et
1191 1310 171 75 quart
1285 1310 133 75 in

158 1354 112 67 8°
214 1354 112 67 et
270 1354 112 67 9°
326 1354 149 67 A
420 1354 187 67 madame
550 1354 112 67 la
606 1354 392 67 surintendante
942 1354 112 67 (3
998 1354 131 67 gr.
1073 1354 112 67 p.
1129 1354 131 67 pl.
1203 1354 112 67 et
1259 1354 93 67 3
1297 1354 187 67 lignes
1427 1354 131 67 sur
1483 1354 75 67 la

155 1418 125 53 4e
218 1418 188 53 page.
343 1418 314 53 Autographe,
594 1418 125 53 et
657 1418 125 53 de
720 1418 125 53 la
782 1418 167 53 plus
887 1418 188 53 belle
1012 1418 251 53 écriture
1201 1418 125 53 de
1263 1418 125 53 La
1305 1418 251 53 Fontaine).

159 1454 106 63 A
201 1454 127 63 la
265 1454 191 63 suite
392 1454 127 63 se
456 1454 255 63 trouvent
647 1454 233 63 collées
816 1454 170 63 deux
923 1454 191 63 pages
1050 1454 127 63 de
1113 1454 127 63 la
1177 1454 170 63 main
1283 1454 127 63 de
1326 1454 233 63 Pellisson

158 1516 302 56 Fontanier,
395 1516 345 56 reproduisant
675 1516 151 56 des
762 1516 172 56 vers
869 1516 129 56 de
934 1516 129 56 La
977 1516 237 56 Fontaine.

203 1554 181 65 Nous
316 1554 271 65 ajoutons
520 1554 136 65 de
587 1554 136 65 La
655 1554 294 65 Fontaine,
881 1554 339 65 d’écritures
1152 1554 294 65 diverses,
1378 1554 181 65 mais
1469 1554 90 65 du

123 1608 227 66 temps.

208 1652 116 59 1°
266 1652 213 59 Pour
420 1652 290 59 monseigneur
652 1652 116 59 le
710 1652 135 59 duc
788 1652 116 59 de
846 1652 251 59 Bourgogne
1039 1652 135 59 qui
1116 1652 97 59 a
1155 1652 193 59 escrit
1290 1652 97 59 à
1329 1652 116 59 La
1368 1652 193 59 Fon

163 1693 217 62 taine
326 1693 109 62 de
380 1693 163 62 faire
489 1693 127 62 une
561 1693 163 62 fable
670 1693 127 62 qui
743 1693 145 62 fust
833 1693 181 62 nommée
960 1693 109 62 le
1014 1693 145 62 Chat
1105 1693 109 62 et
1159 1693 109 62 la
1195 1693 236 62 Souris

210 1744 114 62 2°
267 1744 170 62 La
380 1744 208 62 Matrone
532 1744 322 62 d’Ephèse
797 1744 95 62 7
835 1744 133 62 gr.
911 1744 114 62 p.
967 1744 133 62 pl.
1043 1744 114 62 et
1100 1744 170 62 demie
1194 1744 133 62 in

184 1804 826 52 Très-important
873 1804 551 52 dossier.
1286 1804 321 52 300
1423 1804 138 52 »

113 1833 167 71 2534.
225 1833 167 71 La
336 1833 241 71 Harpe
522 1833 371 71 (Jean-François),
837 1833 186 71 auteur
967 1833 111 71 du
1023 1833 223 71 Cours
1190 1833 111 71 de
1227 1833 334 71 littérature

162 1888 154 67 etc.
258 1888 327 67 Phénomènes
527 1888 346 67 d’horreur
815 1888 115 67 Au
873 1888 173 67 sujet
988 1888 115 67 de
1045 1888 115 67 la
1103 1888 269 67 prétention
1314 1888 115 67 de
1372 1888 115 67 la
1410 1888 154 67 philo-

164 1934 190 60 sophie
297 1934 228 60 moderne,
468 1934 133 60 qui
544 1934 95 60 a
582 1934 133 60 été
658 1934 114 60 de
715 1934 266 60 substituer
924 1934 114 60 ce
981 1934 209 60 qu’elle
1133 1934 209 60 appelle
1266 1934 304 60 l'huma

164 1981 259 63 nité
371 1981 86 63 à
405 1981 104 63 la
457 1981 224 63 charité
630 1981 328 63 chrétienne
906 1981 224 63 Manuscrit
1079 1981 138 63 aut.
1165 1981 104 63 de
1217 1981 104 63 12
1269 1981 104 63 p.
1320 1981 121 63 pl.
1389 1981 155 63 in-8.
1493 1981 86 63 6
1510 1981 52 63 »

115 2031 179 61 2535.
234 2031 318 61 Lainé
492 2031 139 61 (le
572 2031 258 61 vicomte),
770 2031 238 61 ministre
949 2031 218 61 d’Etat,
1108 2031 159 61 pair
1207 2031 119 61 de
1266 2031 218 61 France,
1405 2031 159 61 membre

157 2079 156 55 de
235 2079 365 55 l’Académie
522 2079 365 55 française.
808 2079 156 55 L.
887 2079 208 55 aut.
1017 2079 208 55 sig.
1147 2079 130 55 1
1199 2079 156 55 p.
1277 2079 235 55 in-4.
1434 2079 130 55 2
1460 2079 104 55 50

114 2122 181 69 2536.
235 2122 403 69 Lamartine
577 2122 262 69 (Alphonse
779 2122 161 69 de),
879 2122 201 69 poëte.
1020 2122 121 69 L.
1081 2122 161 69 aut.
1181 2122 181 69 sig.,
1302 2122 101 69 à
1342 2122 121 69 M.
1403 2122 121 69 le
1443 2122 121 69 ré

165 2172 216 68 dacteur
322 2172 118 68 du
381 2172 294 68 Messager
617 2172 137 68 des
695 2172 333 68 Chambres
970 2172 314 68 Saint-Point,
1225 2172 118 68 17
1283 2172 216 68 février
1421 2172 137 68 1827.

131 2224 256 55 2
233 2224 307 55 p.
387 2224 358 55 pl.
591 2224 307 55 et
745 2224 460 55 quart
1052 2224 460 55 in-8.
1358 2224 256 55 5
1410 2224 153 55 »

207 2268 134 80 Au
274 2268 201 80 sujet
407 2268 156 80 des
496 2268 267 80 ouvrages
697 2268 134 80 de
764 2268 178 80 Mlle
875 2268 201 80 Elisa
1009 2268 245 80 Mercœur
1187 2268 201 80 qu’il
1321 2268 156 80 n’a
1388 2268 178 80 jamais

163 2321 164 56 lus;
265 2321 123 56 il
326 2321 143 56 n’a
408 2321 164 56 donc
510 2321 164 56 rien
613 2321 123 56 pu
674 2321 205 56 écrire
817 2321 307 56 d’offensant
1063 2321 205 56 contre
1186 2321 143 56 elle.

114 2378 187 57 2537.
239 2378 394 57 Lamballe
570 2378 518 57 (Marie-Louise-Thérèse
1026 2378 124 57 de
1088 2378 228 57 Savoie,
1254 2378 269 57 princesse
1441 2378 124 57 de),

161 2410 172 65 amie
269 2410 129 65 de
334 2410 452 65 Marie-Antoinette.
722 2410 129 65 L.
786 2410 194 65 sig.,
916 2410 108 65 à
959 2410 129 65 M.
1023 2410 129 65 le
1088 2410 259 65 maréchal
1282 2410 129 65 de
1325 2410 237 65 Castries.

149 2464 345 57 Paris,
391 2464 207 57 25
495 2464 276 57 juin
667 2464 311 57 1785.
875 2464 173 57 1
944 2464 207 57 p.
1047 2464 242 57 pl.
1185 2464 311 57 in-8.
1392 2464 207 57 10
1461 2464 104 57 »

114 2518 189 62 2538.
240 2518 419 62 Lamennais
596 2518 231 62 (l’abbé
764 2518 126 62 F.
827 2518 168 62 de),
931 2518 314 62 publiciste.
1183 2518 126 62 L.
1246 2518 168 62 aut.
1350 2518 168 62 sig.
1455 2518 105 62 4
1476 2518 84 62 p.

47 2557 1383 56 in-18.
1015 2557 692 56 2
1153 2557 415 56 »

117 2603 179 63 2539.
236 2603 397 63 Lamennais
574 2603 218 63 (l’abbé
732 2603 119 63 F.
792 2603 159 63 de),
891 2603 298 63 publiciste.
1129 2603 198 63 Billet
1268 2603 159 63 aut.
1368 2603 159 63 sig.
1467 2603 99 63 1
1487 2603 79 63 p.

70 2653 1269 62 in-48.2
992 2653 577 62 5
1108 2653 461 62 50

120 2699 161 63 2540.
227 2699 358 63 Lamennais
532 2699 197 63 (l’abbé
675 2699 107 63 F.
728 2699 143 63 de),
818 2699 268 63 publiciste.
1032 2699 179 63 Billet
1158 2699 143 63 aut.
1247 2699 143 63 sig.
1336 2699 161 63 F.
1426 2699 143 63 L.

125 2751 565 58 1842.
502 2751 314 58 1
627 2751 377 58 p.
816 2751 628 58 in-18.
1255 2751 314 58 4
1318 2751 251 58 50

117 2792 204 73 2541.
253 2792 204 73 La
389 2792 476 73 Rochefoucault
797 2792 476 73 (Louis-Alexandre,
1205 2792 159 73 duc
1296 2792 181 73 de),
1387 2792 181 73 membre
