1912 2915
308 292 649 124 LIBRAIRIE
795 292 568 124 ANCIENNE

611 397 183 65 ET
672 397 397 65 AUTOGRAPHES

502 465 442 50 DE

274 525 503 64 JACQUES
634 525 503 64 CHARAVAY

325 590 231 60 Rue
487 590 162 60 des
579 590 485 60 Grands-Augustins,
971 590 185 60 26

611 661 262 88 ÉTIENNE
798 661 262 88 CHARAVAY

420 714 452 80 ARCHIVISTE-PALÉOGRAPHE,
822 714 134 80 FILS
906 714 101 80 ET
939 714 218 80 SUCCESSEUR,

295 803 138 66 LIVRES
392 803 166 66 ANCIENS,
516 803 138 66 ACHATS
613 803 83 66 DE
654 803 235 66 BIBLIOTHÈQUES
847 803 83 66 ET
889 803 83 66 DE
917 803 179 66 COLLECTIONS

327 847 248 62 D’AUTOGRAPHES;
534 847 179 62 ÉCHANGES,
672 847 221 62 COMMISSIONS;
851 847 138 62 VENTES
948 847 97 62 AUX
989 847 69 62 EN-

335 890 117 69 CHÈRES
417 890 152 69 PUBLIQUES
535 890 70 69 DE
570 890 129 69 LETTRES
664 890 176 69 AUTOGRAPHES
804 890 152 69 MOYENNANT
910 890 164 69 vingt

341 938 107 57 pour
419 938 127 57 cent
517 938 59 57 ET
546 938 59 57 DE
575 938 107 57 LIVRES,
653 938 127 57 quinze
751 938 78 57 pour
800 938 78 57 cent
849 938 68 57 sur
888 938 59 57 la
917 938 117 57 totalité
995 938 78 57 de

323 977 146 60 la
420 977 227 60 vente
598 977 81 60 A
631 977 97 60 LA
679 977 162 60 CHARGE
793 977 113 60 DES
857 977 211 60 VENDEURS,
1019 977 130 60 TOUT
1084 977 162 60 COMPRIS.

546 1089 72 77 N°
594 1089 64 77 160.
634 1089 40 77 —
650 1089 88 77 JUILLET
706 1089 80 77 1869

657 1254 338 65 AUTOGRAPHES.

392 1311 85 62 23624
448 1311 113 62 ACADÉMIE
533 1311 66 62 DES
571 1311 123 62 SCIENCES.
665 1311 85 62 P.
721 1311 104 62 s.
797 1311 66 62 par
835 1311 123 62 Binet,
929 1311 151 62 Poisson
1051 1311 160 62 Prony
1174 1311 113 62 Am

386 1356 142 53 père,
492 1356 130 53 Cauchy,
587 1356 130 53 Dulong,
681 1356 177 53 Gay-Lussac,
823 1356 142 53 Thénard,
929 1356 118 53 Arago,
1000 1356 295 53 CoriolisMa

391 1380 140 56 thieu,
499 1380 172 56 Despretz
638 1380 97 56 etc.;
703 1380 97 56 1823,
767 1380 54 56 3
789 1380 64 56 p.
821 1380 118 56 in-fol.
907 1380 54 56 5
918 1380 32 56 »

388 1420 123 58 23625
470 1420 177 58 ANGLEBERT
606 1420 204 58 (Jean-Henry
770 1420 109 58 d’),
838 1420 218 58 claveciniste
1015 1420 82 58 de
1056 1420 82 58 la
1097 1420 150 58 chambre
1206 1420 82 58 du
1246 1420 109 58 Roi,
1301 1420 68 58 au-

392 1451 107 69 teur
459 1451 107 69 d’un
525 1451 147 69 célèbre
632 1451 147 69 recueil
739 1451 80 69 de
780 1451 134 69 pièces
873 1451 80 69 de
913 1451 174 69 clavecin.
1047 1451 134 69 Quitt.
1141 1451 120 69 sig.,
1221 1451 94 69 sur
1261 1451 107 69 vélin;

384 1481 67 68 8
410 1481 121 68 avril
491 1481 121 68 1679,
571 1481 107 68 in-8
639 1481 148 68 oblong.
746 1481 121 68 Pièce
826 1481 121 68 rare,
907 1481 107 68 mais
974 1481 81 68 un
1014 1481 94 68 peu
1068 1481 148 68 abîmée.
1175 1481 67 68 5
1189 1481 40 68 »

382 1528 127 49 23626
466 1528 127 49 ANSSE
551 1528 84 49 DE
593 1528 183 49 VILLOISON
733 1528 98 49 (J.
790 1528 84 49 B.
832 1528 84 49 G.
874 1528 112 49 d’),
944 1528 155 49 célèbre
1057 1528 211 49 helléniste,
1225 1528 141 49 membre
1310 1528 56 49 dé

380 1554 136 63 l’Acad.
479 1554 87 63 des
528 1554 210 63 Inscriptions.
701 1554 111 63 L.
776 1554 74 63 a.
813 1554 124 63 s.
899 1554 87 63 (au
949 1554 111 63 comte
1023 1554 74 63 de
1060 1554 285 63 Choiseul-Gouffier);
1295 1554 62 63 Pa-

383 1582 88 61 ris,
438 1582 66 61 13
471 1582 99 61 avril
536 1582 99 61 1787,
602 1582 55 61 4
624 1582 66 61 p.
657 1582 120 61 in-fol.
744 1582 142 61 (coll.
854 1582 186 61 Vemeniz)
1007 1582 55 61 6
1018 1582 33 61 »

410 1617 136 68 Lettre
506 1617 109 68 fort
574 1617 163 68 curieuse
696 1617 95 68 sur
750 1617 82 68 un
791 1617 177 68 manuscrit
927 1617 82 68 de
968 1617 136 68 Lyddus
1063 1617 122 68 qu’il
1144 1617 95 68 lui
1199 1617 68 68 a
1226 1617 109 68 fait
1280 1617 82 68 par-

384 1664 144 51 venir.
485 1664 101 51 «Il
542 1664 130 51 faut,
629 1664 159 51 dit-il,
745 1664 101 51 que
803 1664 173 51 l’ancien
933 1664 202 51 possesseur
1091 1664 87 51 de
1135 1664 144 51 Lyddus
1222 1664 144 51 Monsieur

383 1687 254 51 l’Ambassadeur,
594 1687 99 51 ait
651 1687 85 51 eu
693 1687 85 51 sa
735 1687 225 51 Bibliothèque
918 1687 113 51 dans
989 1687 85 51 sa
1031 1687 127 51 cave;
1115 1687 85 51 je
1158 1687 113 51 n’ai
1228 1687 141 51 jamais
1313 1687 56 51 vu

384 1724 83 54 de
426 1724 138 54 livres
522 1724 83 54 si
564 1724 138 54 tachés
661 1724 83 54 de
702 1724 97 54 vin
758 1724 83 54 et
799 1724 83 54 si
841 1724 207 54 maltraités.
1006 1724 152 54 J’avois
1117 1724 152 54 d’abord
1214 1724 152 54 soupçonné

376 1757 97 55 que
432 1757 153 55 c’étoit
543 1757 83 55 le
585 1757 167 55 vinaigre
710 1757 83 55 du
751 1757 167 55 Lazareth
877 1757 97 55 qui
932 1757 125 55 avoit
1016 1757 97 55 mis
1071 1757 83 55 ce
1113 1757 181 55 manuscrit
1252 1757 111 55 dans
1307 1757 56 55 un

377 1794 84 41 si
419 1794 182 41 pitoyable
559 1794 126 41 état,
643 1794 112 41 mais
713 1794 154 41 ensuite
825 1794 84 41 je
867 1794 84 41 me
909 1794 112 41 suis
979 1794 182 41 convaincu
1119 1794 98 41 que
1175 1794 84 41 je
1217 1794 84 41 ne
1245 1794 112 41 devois

371 1817 115 64 m’en
443 1817 159 64 prendre
558 1817 115 64 qu’à
630 1817 231 64 l’ivrognerie
817 1817 86 64 de
861 1817 86 64 ce
904 1817 173 64 grec...»
1034 1817 159 64 Suivent
1134 1817 231 64 d’intéressants

376 1847 155 53 détails
489 1847 99 53 sur
545 1847 84 53 le
573 1847 169 53 manuscrit.

375 1880 125 72 23627
458 1880 180 72 ANTONELLI
597 1880 97 72 (le
653 1880 166 72 cardinal
777 1880 166 72 Joseph),
902 1880 153 72 premier
1013 1880 166 72 ministre
1138 1880 83 72 du
1180 1880 111 72 pape
1249 1880 97 72 Pie
1291 1880 69 72 IX.

374 1920 119 62 L.
453 1920 145 62 s.
558 1920 105 62 avec
624 1920 79 62 la
664 1920 184 62 souscript.
809 1920 119 62 aut.;
888 1920 119 62 Rome,
967 1920 79 62 25
1006 1920 92 62 nov
1059 1920 119 62 1851,
1138 1920 66 62 1
1164 1920 79 62 p.
1204 1920 145 62 in-fol.
1309 1920 66 62 5
1322 1920 40 62 »

389 1958 100 53 23628
456 1958 100 53 ARAGO
523 1958 167 53 (Emmanuel),
656 1958 123 53 célèbre
745 1958 111 53 avocat
823 1958 67 53 et
857 1958 178 53 représentant
1002 1958 67 53 du
1035 1958 123 53 peuple.
1124 1958 100 53 L.
1180 1958 89 53 a.

373 1990 136 49 s.
480 1990 87 49 1843,
538 1990 68 49 3/4
577 1990 58 49 de
606 1990 58 49 p.
635 1990 87 49 in-4.
693 1990 49 49 1
703 1990 39 49 75

972 2024 49 63 23629
1004 2024 76 63 BARBANÈGRE
1064 2024 38 63 (le
1086 2024 49 63 baron
1119 2024 65 63 Joseph),
1168 2024 60 63 célèbre
1212 2024 65 63 général,
1261 2024 76 63 l’héroïque
1315 2024 44 63 défen-

384 2049 63 71 seur
424 2049 111 71 d’Huningue
510 2049 47 71 en
534 2049 71 71 1815.
581 2049 71 71 P.
629 2049 87 71 s.
692 2049 47 71 24
716 2049 63 71 nov.
755 2049 71 71 1814,
802 2049 39 71 1
818 2049 47 71 p.
842 2049 63 71 in-4
881 2049 87 71 oblong,
945 2049 39 71 2
952 2049 32 71 25

603 2104 73 44 23630
652 2104 90 44 BAROCHE
717 2104 73 44 (J.).
766 2104 98 44 ministre
839 2104 49 44 de
863 2104 98 44 Napoléon
937 2104 65 44 III.
977 2104 73 44 L.
1026 2104 49 44 a.
1051 2104 90 44 s.
1116 2104 41 44 1
1132 2104 49 44 p.
1156 2104 73 44 in-8.
1205 2104 41 44 1
1213 2104 33 44 50

722 2141 73 63 23631
771 2141 113 63 BARTHÉLEMY
860 2141 57 63 (A.
892 2141 65 63 M.),
933 2141 73 63 poëte
981 2141 113 63 satirique,
1070 2141 81 63 auteur
1127 2141 49 63 de
1151 2141 113 63 Némésis.
1241 2141 49 63 L.
1265 2141 49 63 a.
1281 2141 73 63 s.

379 2172 61 50 2
403 2172 97 50 déc.
464 2172 97 50 1846
525 2172 61 50 1
549 2172 73 50 p.
586 2172 110 50 in-8.
659 2172 110 50 Jolie
732 2172 134 50 lettre.
829 2172 61 50 2
841 2172 49 50 50

372 2195 72 74 23632
420 2195 113 74 BAUDELAIRE
509 2195 113 74 (Charles),
597 2195 81 74 poëte,
654 2195 81 74 auteur
710 2195 56 74 des
742 2195 105 74 Fleurs
823 2195 48 74 du
847 2195 64 74 mal.
887 2195 48 74 L.
911 2195 48 74 a.
928 2195 72 74 s.

376 2240 97 47 1857,
441 2240 54 47 1
463 2240 65 47 p.
495 2240 76 47 pl.
538 2240 97 47 in-8.
603 2240 54 47 2
614 2240 43 47 50

372 2265 113 77 23633
447 2265 125 77 BAUDIN
534 2265 88 77 (P.
584 2265 75 77 C.
622 2265 100 77 L.),
684 2265 125 77 député
772 2265 88 77 des
822 2265 150 77 Ardennes
934 2265 63 77 à
959 2265 75 77 la
997 2265 188 77 Convention.
1147 2265 113 77 L.
1222 2265 75 77 a.
1247 2265 113 77 s.;

375 2309 109 41 Paris
447 2309 73 41 an
484 2309 85 41 IV,
532 2309 60 41 1
556 2309 73 41 p.
593 2309 85 41 1/2
641 2309 109 41 in-4.
713 2309 109 41 Belle
786 2309 133 41 lettre.
883 2309 60 41 3
895 2309 36 41 »

366 2341 72 53 23634
414 2341 96 53 BEAUVOIR
486 2341 80 53 (Roger
542 2341 64 53 de),
582 2341 80 53 fécond
638 2341 112 53 romancier.
727 2341 56 53 A
759 2341 56 53 mon
791 2341 56 53 ami
823 2341 64 53 Aimé
855 2341 112 53 Maillart

371 2381 134 56 pièce
461 2381 89 56 de
505 2381 119 56 vers
580 2381 104 56 aut
639 2381 134 56 sig.;
729 2381 89 56 20
774 2381 119 56 août
848 2381 134 56 1860,
938 2381 75 56 2
967 2381 89 56 p.
1012 2381 134 56 in-8.
1102 2381 134 56 Jolie
1191 2381 149 56 pièce.
1295 2381 75 56 3
1310 2381 45 56 »
