<?xml version='1.0' encoding='UTF8'?>
<alto xmlns:xsi="http://www.w3.org/2001/XMLSchema-instance" xmlns="http://www.loc.gov/standards/alto/ns-v2#" xmlns:page="http://schema.primaresearch.org/PAGE/gts/pagecontent/2013-07-15" xsi:schemaLocation="http://www.loc.gov/standards/alto/ns-v2# http://www.loc.gov/standards/alto/alto.xsd">
  <Description>
    <MeasurementUnit>pixel</MeasurementUnit>
    <sourceImageInformation>
         <fileName>1869_07_LAC_N160_0002.xml</fileName>
      </sourceImageInformation>
    <OCRProcessing ID="IdOcr">
      <ocrProcessingStep>
        <processingDateTime>2020-11-06T13:47:26.358+01:00</processingDateTime>
        <processingSoftware>
               <softwareCreator>CONTRIBUTORS</softwareCreator>
               <softwareName>pdfalto</softwareName>
               <softwareVersion>0.1</softwareVersion>
            </processingSoftware>
      </ocrProcessingStep>
    </OCRProcessing>
  </Description>
  <Styles>
     <TextStyle ID="FONT0" FONTSTYLE=""/>
     <TextStyle ID="FONT1" FONTSTYLE="bold"/>
     <TextStyle ID="FONT2" FONTSTYLE="italics"/>
</Styles>
  <Tags/>
  <Layout>
    <Page ID="Page1" PHYSICAL_IMG_NR="1" HEIGHT="2915" WIDTH="1912">
      <PrintSpace HEIGHT="2915" WIDTH="1912" VPOS="0" HPOS="0">
        <TextBlock ID="r2" HEIGHT="2122" WIDTH="999" VPOS="307" HPOS="611">
          <TextLine ID="r2l1" BASELINE="345" HEIGHT="53" WIDTH="64" VPOS="292" HPOS="1028">
            <String HEIGHT="53" WIDTH="64" VPOS="292" HPOS="1015" CONTENT="—" ID="r2l1_1" STYLEREFS="FONT0"/>
            <SP HEIGHT="53" WIDTH="13" VPOS="292" HPOS="1079"/>
            <String HEIGHT="53" WIDTH="64" VPOS="292" HPOS="1041" CONTENT="2" ID="r2l1_2" STYLEREFS="FONT0"/>
            <SP HEIGHT="53" WIDTH="13" VPOS="292" HPOS="1105"/>
            <String HEIGHT="53" WIDTH="38" VPOS="292" HPOS="1054" CONTENT="—" ID="r2l1_3" STYLEREFS="FONT0"/>
          </TextLine>
          <TextLine ID="r2l2" BASELINE="409" HEIGHT="59" WIDTH="972" VPOS="350" HPOS="605">
            <String HEIGHT="59" WIDTH="108" VPOS="350" HPOS="593" CONTENT="23635" ID="r2l2_1" STYLEREFS="FONT0"/>
            <SP HEIGHT="59" WIDTH="12" VPOS="350" HPOS="701"/>
            <String HEIGHT="59" WIDTH="120" VPOS="350" HPOS="665" CONTENT="BENOIT" ID="r2l2_2" STYLEREFS="FONT0"/>
            <SP HEIGHT="59" WIDTH="12" VPOS="350" HPOS="785"/>
            <String HEIGHT="59" WIDTH="84" VPOS="350" HPOS="749" CONTENT="XIV" ID="r2l2_3" STYLEREFS="FONT0"/>
            <SP HEIGHT="59" WIDTH="12" VPOS="350" HPOS="833"/>
            <String HEIGHT="59" WIDTH="144" VPOS="350" HPOS="797" CONTENT="(Prosper" ID="r2l2_4" STYLEREFS="FONT0"/>
            <SP HEIGHT="59" WIDTH="12" VPOS="350" HPOS="941"/>
            <String HEIGHT="59" WIDTH="192" VPOS="350" HPOS="905" CONTENT="LAMBERTINI)," ID="r2l2_5" STYLEREFS="FONT0"/>
            <SP HEIGHT="59" WIDTH="12" VPOS="350" HPOS="1097"/>
            <String HEIGHT="59" WIDTH="96" VPOS="350" HPOS="1061" CONTENT="papé" ID="r2l2_6" STYLEREFS="FONT0"/>
            <SP HEIGHT="59" WIDTH="12" VPOS="350" HPOS="1157"/>
            <String HEIGHT="59" WIDTH="156" VPOS="350" HPOS="1121" CONTENT="illustre." ID="r2l2_7" STYLEREFS="FONT0"/>
            <SP HEIGHT="59" WIDTH="12" VPOS="350" HPOS="1277"/>
            <String HEIGHT="59" WIDTH="108" VPOS="350" HPOS="1241" CONTENT="L." ID="r2l2_8" STYLEREFS="FONT2"/>
            <SP HEIGHT="59" WIDTH="12" VPOS="350" HPOS="1349"/>
            <String HEIGHT="59" WIDTH="132" VPOS="350" HPOS="1313" CONTENT="s." ID="r2l2_9" STYLEREFS="FONT2"/>
            <SP HEIGHT="59" WIDTH="12" VPOS="350" HPOS="1445"/>
            <String HEIGHT="59" WIDTH="96" VPOS="350" HPOS="1409" CONTENT="avec" ID="r2l2_10" STYLEREFS="FONT0"/>
            <SP HEIGHT="59" WIDTH="12" VPOS="350" HPOS="1505"/>
            <String HEIGHT="59" WIDTH="60" VPOS="350" HPOS="1469" CONTENT="4" ID="r2l2_11" STYLEREFS="FONT0"/>
            <SP HEIGHT="59" WIDTH="12" VPOS="350" HPOS="1529"/>
            <String HEIGHT="59" WIDTH="96" VPOS="350" HPOS="1481" CONTENT="lignes" ID="r2l2_12" STYLEREFS="FONT0"/>
          </TextLine>
          <TextLine ID="r2l4" BASELINE="447" HEIGHT="50" WIDTH="554" VPOS="397" HPOS="611">
            <String HEIGHT="50" WIDTH="116" VPOS="397" HPOS="598" CONTENT="aut.;" ID="r2l4_1" STYLEREFS="FONT0"/>
            <SP HEIGHT="50" WIDTH="13" VPOS="397" HPOS="714"/>
            <String HEIGHT="50" WIDTH="142" VPOS="397" HPOS="675" CONTENT="Ancône," ID="r2l4_2" STYLEREFS="FONT0"/>
            <SP HEIGHT="50" WIDTH="13" VPOS="397" HPOS="817"/>
            <String HEIGHT="50" WIDTH="64" VPOS="397" HPOS="778" CONTENT="4" ID="r2l4_3" STYLEREFS="FONT0"/>
            <SP HEIGHT="50" WIDTH="13" VPOS="397" HPOS="843"/>
            <String HEIGHT="50" WIDTH="90" VPOS="397" HPOS="804" CONTENT="mai" ID="r2l4_4" STYLEREFS="FONT0"/>
            <SP HEIGHT="50" WIDTH="13" VPOS="397" HPOS="894"/>
            <String HEIGHT="50" WIDTH="116" VPOS="397" HPOS="856" CONTENT="1709," ID="r2l4_5" STYLEREFS="FONT0"/>
            <SP HEIGHT="50" WIDTH="13" VPOS="397" HPOS="972"/>
            <String HEIGHT="50" WIDTH="64" VPOS="397" HPOS="933" CONTENT="2" ID="r2l4_6" STYLEREFS="FONT0"/>
            <SP HEIGHT="50" WIDTH="13" VPOS="397" HPOS="998"/>
            <String HEIGHT="50" WIDTH="77" VPOS="397" HPOS="959" CONTENT="p." ID="r2l4_7" STYLEREFS="FONT0"/>
            <SP HEIGHT="50" WIDTH="13" VPOS="397" HPOS="1036"/>
            <String HEIGHT="50" WIDTH="142" VPOS="397" HPOS="998" CONTENT="in-fol." ID="r2l4_8" STYLEREFS="FONT0"/>
            <SP HEIGHT="50" WIDTH="13" VPOS="397" HPOS="1139"/>
            <String HEIGHT="50" WIDTH="64" VPOS="397" HPOS="1101" CONTENT="4" ID="r2l4_9" STYLEREFS="FONT0"/>
            <SP HEIGHT="50" WIDTH="13" VPOS="397" HPOS="1165"/>
            <String HEIGHT="50" WIDTH="52" VPOS="397" HPOS="1113" CONTENT="50" ID="r2l4_10" STYLEREFS="FONT0"/>
          </TextLine>
          <TextLine ID="r2l5" BASELINE="477" HEIGHT="45" WIDTH="967" VPOS="432" HPOS="612">
            <String HEIGHT="45" WIDTH="112" VPOS="432" HPOS="600" CONTENT="23636" ID="r2l5_1" STYLEREFS="FONT0"/>
            <SP HEIGHT="45" WIDTH="12" VPOS="432" HPOS="711"/>
            <String HEIGHT="45" WIDTH="149" VPOS="432" HPOS="674" CONTENT="BÉRANGER" ID="r2l5_2" STYLEREFS="FONT0"/>
            <SP HEIGHT="45" WIDTH="12" VPOS="432" HPOS="823"/>
            <String HEIGHT="45" WIDTH="87" VPOS="432" HPOS="786" CONTENT="(P." ID="r2l5_3" STYLEREFS="FONT0"/>
            <SP HEIGHT="45" WIDTH="12" VPOS="432" HPOS="872"/>
            <String HEIGHT="45" WIDTH="74" VPOS="432" HPOS="835" CONTENT="J." ID="r2l5_4" STYLEREFS="FONT0"/>
            <SP HEIGHT="45" WIDTH="12" VPOS="432" HPOS="910"/>
            <String HEIGHT="45" WIDTH="99" VPOS="432" HPOS="872" CONTENT="de)," ID="r2l5_5" STYLEREFS="FONT0"/>
            <SP HEIGHT="45" WIDTH="12" VPOS="432" HPOS="972"/>
            <String HEIGHT="45" WIDTH="74" VPOS="432" HPOS="934" CONTENT="le" ID="r2l5_6" STYLEREFS="FONT0"/>
            <SP HEIGHT="45" WIDTH="12" VPOS="432" HPOS="1009"/>
            <String HEIGHT="45" WIDTH="136" VPOS="432" HPOS="972" CONTENT="célèbre" ID="r2l5_7" STYLEREFS="FONT0"/>
            <SP HEIGHT="45" WIDTH="12" VPOS="432" HPOS="1108"/>
            <String HEIGHT="45" WIDTH="198" VPOS="432" HPOS="1071" CONTENT="chansonnier." ID="r2l5_8" STYLEREFS="FONT0"/>
            <SP HEIGHT="45" WIDTH="12" VPOS="432" HPOS="1269"/>
            <String HEIGHT="45" WIDTH="112" VPOS="432" HPOS="1232" CONTENT="L." ID="r2l5_9" STYLEREFS="FONT2"/>
            <SP HEIGHT="45" WIDTH="12" VPOS="432" HPOS="1343"/>
            <String HEIGHT="45" WIDTH="74" VPOS="432" HPOS="1306" CONTENT="a." ID="r2l5_10" STYLEREFS="FONT2"/>
            <SP HEIGHT="45" WIDTH="12" VPOS="432" HPOS="1381"/>
            <String HEIGHT="45" WIDTH="124" VPOS="432" HPOS="1343" CONTENT="s." ID="r2l5_11" STYLEREFS="FONT2"/>
            <SP HEIGHT="45" WIDTH="12" VPOS="432" HPOS="1467"/>
            <String HEIGHT="45" WIDTH="74" VPOS="432" HPOS="1430" CONTENT="(à" ID="r2l5_12" STYLEREFS="FONT0"/>
            <SP HEIGHT="45" WIDTH="12" VPOS="432" HPOS="1505"/>
            <String HEIGHT="45" WIDTH="87" VPOS="432" HPOS="1467" CONTENT="Mme" ID="r2l5_13" STYLEREFS="FONT0"/>
            <SP HEIGHT="45" WIDTH="12" VPOS="432" HPOS="1554"/>
            <String HEIGHT="45" WIDTH="74" VPOS="432" HPOS="1505" CONTENT="Cau" SUBS_TYPE="HypPart1" SUBS_CONTENT="Cauchois" ID="r2l5_14" STYLEREFS="FONT0"/>
            <HYP CONTENT="-"/>
          </TextLine>
          <TextLine ID="r2l7" BASELINE="515" HEIGHT="51" WIDTH="565" VPOS="464" HPOS="610">
            <String HEIGHT="51" WIDTH="111" VPOS="464" HPOS="598" CONTENT="chois" SUBS_TYPE="HypPart2" SUBS_CONTENT="Cauchois" ID="r2l7_1" STYLEREFS="FONT0"/>
            <SP HEIGHT="51" WIDTH="12" VPOS="464" HPOS="708"/>
            <String HEIGHT="51" WIDTH="160" VPOS="464" HPOS="671" CONTENT="Lemaire);" ID="r2l7_2" STYLEREFS="FONT0"/>
            <SP HEIGHT="51" WIDTH="12" VPOS="464" HPOS="831"/>
            <String HEIGHT="51" WIDTH="61" VPOS="464" HPOS="794" CONTENT="3" ID="r2l7_3" STYLEREFS="FONT0"/>
            <SP HEIGHT="51" WIDTH="12" VPOS="464" HPOS="856"/>
            <String HEIGHT="51" WIDTH="98" VPOS="464" HPOS="819" CONTENT="juin" ID="r2l7_4" STYLEREFS="FONT0"/>
            <SP HEIGHT="51" WIDTH="12" VPOS="464" HPOS="917"/>
            <String HEIGHT="51" WIDTH="135" VPOS="464" HPOS="880" CONTENT="(1833)," ID="r2l7_5" STYLEREFS="FONT0"/>
            <SP HEIGHT="51" WIDTH="12" VPOS="464" HPOS="1015"/>
            <String HEIGHT="51" WIDTH="61" VPOS="464" HPOS="978" CONTENT="2" ID="r2l7_6" STYLEREFS="FONT0"/>
            <SP HEIGHT="51" WIDTH="12" VPOS="464" HPOS="1040"/>
            <String HEIGHT="51" WIDTH="74" VPOS="464" HPOS="1003" CONTENT="p." ID="r2l7_7" STYLEREFS="FONT0"/>
            <SP HEIGHT="51" WIDTH="12" VPOS="464" HPOS="1077"/>
            <String HEIGHT="51" WIDTH="111" VPOS="464" HPOS="1040" CONTENT="in-8." ID="r2l7_8" STYLEREFS="FONT0"/>
            <SP HEIGHT="51" WIDTH="12" VPOS="464" HPOS="1150"/>
            <String HEIGHT="51" WIDTH="61" VPOS="464" HPOS="1114" CONTENT="6" ID="r2l7_9" STYLEREFS="FONT0"/>
            <SP HEIGHT="51" WIDTH="12" VPOS="464" HPOS="1175"/>
            <String HEIGHT="51" WIDTH="49" VPOS="464" HPOS="1126" CONTENT="50" ID="r2l7_10" STYLEREFS="FONT0"/>
          </TextLine>
          <TextLine ID="r2l8" BASELINE="544" HEIGHT="55" WIDTH="952" VPOS="489" HPOS="631">
            <String HEIGHT="55" WIDTH="238" VPOS="489" HPOS="616" CONTENT="Intéressante" ID="r2l8_1" STYLEREFS="FONT0"/>
            <SP HEIGHT="55" WIDTH="15" VPOS="489" HPOS="854"/>
            <String HEIGHT="55" WIDTH="164" VPOS="489" HPOS="810" CONTENT="épître," ID="r2l8_2" STYLEREFS="FONT0"/>
            <SP HEIGHT="55" WIDTH="15" VPOS="489" HPOS="973"/>
            <String HEIGHT="55" WIDTH="89" VPOS="489" HPOS="929" CONTENT="où" ID="r2l8_3" STYLEREFS="FONT0"/>
            <SP HEIGHT="55" WIDTH="15" VPOS="489" HPOS="1018"/>
            <String HEIGHT="55" WIDTH="89" VPOS="489" HPOS="973" CONTENT="il" ID="r2l8_4" STYLEREFS="FONT0"/>
            <SP HEIGHT="55" WIDTH="15" VPOS="489" HPOS="1062"/>
            <String HEIGHT="55" WIDTH="164" VPOS="489" HPOS="1018" CONTENT="annonce" ID="r2l8_5" STYLEREFS="FONT0"/>
            <SP HEIGHT="55" WIDTH="15" VPOS="489" HPOS="1181"/>
            <String HEIGHT="55" WIDTH="208" VPOS="489" HPOS="1137" CONTENT="qu’Arnault" ID="r2l8_6" STYLEREFS="FONT0"/>
            <SP HEIGHT="55" WIDTH="15" VPOS="489" HPOS="1345"/>
            <String HEIGHT="55" WIDTH="134" VPOS="489" HPOS="1300" CONTENT="vient" ID="r2l8_7" STYLEREFS="FONT0"/>
            <SP HEIGHT="55" WIDTH="15" VPOS="489" HPOS="1434"/>
            <String HEIGHT="55" WIDTH="149" VPOS="489" HPOS="1390" CONTENT="d’être" ID="r2l8_8" STYLEREFS="FONT0"/>
            <SP HEIGHT="55" WIDTH="15" VPOS="489" HPOS="1538"/>
            <String HEIGHT="55" WIDTH="104" VPOS="489" HPOS="1479" CONTENT="nommé" ID="r2l8_9" STYLEREFS="FONT0"/>
          </TextLine>
          <TextLine ID="r2l9" BASELINE="582" HEIGHT="55" WIDTH="970" VPOS="527" HPOS="613">
            <String HEIGHT="55" WIDTH="186" VPOS="527" HPOS="600" CONTENT="secrétaire" ID="r2l9_1" STYLEREFS="FONT0"/>
            <SP HEIGHT="55" WIDTH="13" VPOS="527" HPOS="786"/>
            <String HEIGHT="55" WIDTH="173" VPOS="527" HPOS="746" CONTENT="perpétuel" ID="r2l9_2" STYLEREFS="FONT0"/>
            <SP HEIGHT="55" WIDTH="13" VPOS="527" HPOS="919"/>
            <String HEIGHT="55" WIDTH="80" VPOS="527" HPOS="879" CONTENT="de" ID="r2l9_3" STYLEREFS="FONT0"/>
            <SP HEIGHT="55" WIDTH="13" VPOS="527" HPOS="958"/>
            <String HEIGHT="55" WIDTH="186" VPOS="527" HPOS="919" CONTENT="l’Académie" ID="r2l9_4" STYLEREFS="FONT0"/>
            <SP HEIGHT="55" WIDTH="13" VPOS="527" HPOS="1105"/>
            <String HEIGHT="55" WIDTH="186" VPOS="527" HPOS="1065" CONTENT="française." ID="r2l9_5" STYLEREFS="FONT0"/>
            <SP HEIGHT="55" WIDTH="13" VPOS="527" HPOS="1251"/>
            <String HEIGHT="55" WIDTH="106" VPOS="527" HPOS="1211" CONTENT="«La." ID="r2l9_6" STYLEREFS="FONT0"/>
            <SP HEIGHT="55" WIDTH="13" VPOS="527" HPOS="1317"/>
            <String HEIGHT="55" WIDTH="239" VPOS="527" HPOS="1277" CONTENT="Tribune" ID="r2l9_7" STYLEREFS="FONT2"/>
            <SP HEIGHT="55" WIDTH="13" VPOS="527" HPOS="1517"/>
            <String HEIGHT="55" WIDTH="120" VPOS="527" HPOS="1463" CONTENT="prétend" ID="r2l9_8" STYLEREFS="FONT0"/>
          </TextLine>
          <TextLine ID="r2l10" BASELINE="619" HEIGHT="53" WIDTH="972" VPOS="566" HPOS="610">
            <String HEIGHT="53" WIDTH="99" VPOS="566" HPOS="596" CONTENT="que" ID="r2l10_1" STYLEREFS="FONT0"/>
            <SP HEIGHT="53" WIDTH="14" VPOS="566" HPOS="695"/>
            <String HEIGHT="53" WIDTH="99" VPOS="566" HPOS="652" CONTENT="les" ID="r2l10_2" STYLEREFS="FONT0"/>
            <SP HEIGHT="53" WIDTH="14" VPOS="566" HPOS="751"/>
            <String HEIGHT="53" WIDTH="169" VPOS="566" HPOS="709" CONTENT="rapports" ID="r2l10_3" STYLEREFS="FONT0"/>
            <SP HEIGHT="53" WIDTH="14" VPOS="566" HPOS="878"/>
            <String HEIGHT="53" WIDTH="85" VPOS="566" HPOS="835" CONTENT="de" ID="r2l10_4" STYLEREFS="FONT0"/>
            <SP HEIGHT="53" WIDTH="14" VPOS="566" HPOS="920"/>
            <String HEIGHT="53" WIDTH="141" VPOS="566" HPOS="878" CONTENT="police" ID="r2l10_5" STYLEREFS="FONT0"/>
            <SP HEIGHT="53" WIDTH="14" VPOS="566" HPOS="1019"/>
            <String HEIGHT="53" WIDTH="85" VPOS="566" HPOS="976" CONTENT="me" ID="r2l10_6" STYLEREFS="FONT0"/>
            <SP HEIGHT="53" WIDTH="14" VPOS="566" HPOS="1061"/>
            <String HEIGHT="53" WIDTH="183" VPOS="566" HPOS="1019" CONTENT="signalent" ID="r2l10_7" STYLEREFS="FONT0"/>
            <SP HEIGHT="53" WIDTH="14" VPOS="566" HPOS="1202"/>
            <String HEIGHT="53" WIDTH="127" VPOS="566" HPOS="1159" CONTENT="comme" ID="r2l10_8" STYLEREFS="FONT0"/>
            <SP HEIGHT="53" WIDTH="14" VPOS="566" HPOS="1286"/>
            <String HEIGHT="53" WIDTH="113" VPOS="566" HPOS="1244" CONTENT="chef" ID="r2l10_9" STYLEREFS="FONT0"/>
            <SP HEIGHT="53" WIDTH="14" VPOS="566" HPOS="1357"/>
            <String HEIGHT="53" WIDTH="127" VPOS="566" HPOS="1314" CONTENT="d’une" ID="r2l10_10" STYLEREFS="FONT0"/>
            <SP HEIGHT="53" WIDTH="14" VPOS="566" HPOS="1441"/>
            <String HEIGHT="53" WIDTH="141" VPOS="566" HPOS="1399" CONTENT="petite" ID="r2l10_11" STYLEREFS="FONT0"/>
            <SP HEIGHT="53" WIDTH="14" VPOS="566" HPOS="1540"/>
            <String HEIGHT="53" WIDTH="99" VPOS="566" HPOS="1483" CONTENT="cons" SUBS_TYPE="HypPart1" SUBS_CONTENT="conspiration" ID="r2l10_12" STYLEREFS="FONT0"/>
            <HYP CONTENT="-"/>
          </TextLine>
          <TextLine ID="r2l11" BASELINE="651" HEIGHT="58" WIDTH="957" VPOS="593" HPOS="617">
            <String HEIGHT="58" WIDTH="166" VPOS="593" HPOS="603" CONTENT="piration" SUBS_TYPE="HypPart2" SUBS_CONTENT="conspiration" ID="r2l11_1" STYLEREFS="FONT0"/>
            <SP HEIGHT="58" WIDTH="14" VPOS="593" HPOS="770"/>
            <String HEIGHT="58" WIDTH="83" VPOS="593" HPOS="728" CONTENT="en" ID="r2l11_2" STYLEREFS="FONT0"/>
            <SP HEIGHT="58" WIDTH="14" VPOS="593" HPOS="811"/>
            <String HEIGHT="58" WIDTH="139" VPOS="593" HPOS="770" CONTENT="faveur" ID="r2l11_3" STYLEREFS="FONT0"/>
            <SP HEIGHT="58" WIDTH="14" VPOS="593" HPOS="908"/>
            <String HEIGHT="58" WIDTH="83" VPOS="593" HPOS="867" CONTENT="de" ID="r2l11_4" STYLEREFS="FONT0"/>
            <SP HEIGHT="58" WIDTH="14" VPOS="593" HPOS="950"/>
            <String HEIGHT="58" WIDTH="139" VPOS="593" HPOS="908" CONTENT="Lucien" ID="r2l11_5" STYLEREFS="FONT0"/>
            <SP HEIGHT="58" WIDTH="14" VPOS="593" HPOS="1047"/>
            <String HEIGHT="58" WIDTH="236" VPOS="593" HPOS="1005" CONTENT="Bonaparte...»" ID="r2l11_6" STYLEREFS="FONT0"/>
            <SP HEIGHT="58" WIDTH="14" VPOS="593" HPOS="1241"/>
            <String HEIGHT="58" WIDTH="125" VPOS="593" HPOS="1200" CONTENT="Dupin" ID="r2l11_7" STYLEREFS="FONT0"/>
            <SP HEIGHT="58" WIDTH="14" VPOS="593" HPOS="1324"/>
            <String HEIGHT="58" WIDTH="153" VPOS="593" HPOS="1283" CONTENT="l’avait" ID="r2l11_8" STYLEREFS="FONT0"/>
            <SP HEIGHT="58" WIDTH="14" VPOS="593" HPOS="1435"/>
            <String HEIGHT="58" WIDTH="139" VPOS="593" HPOS="1394" CONTENT="invité" ID="r2l11_9" STYLEREFS="FONT0"/>
            <SP HEIGHT="58" WIDTH="14" VPOS="593" HPOS="1532"/>
            <String HEIGHT="58" WIDTH="69" VPOS="593" HPOS="1491" CONTENT="à" ID="r2l11_10" STYLEREFS="FONT0"/>
            <SP HEIGHT="58" WIDTH="14" VPOS="593" HPOS="1560"/>
            <String HEIGHT="58" WIDTH="69" VPOS="593" HPOS="1505" CONTENT="di" SUBS_TYPE="HypPart1" SUBS_CONTENT="diner." ID="r2l11_11" STYLEREFS="FONT0"/>
            <HYP CONTENT="-"/>
          </TextLine>
          <TextLine ID="r2l12" BASELINE="680" HEIGHT="42" WIDTH="606" VPOS="638" HPOS="610">
            <String HEIGHT="42" WIDTH="113" VPOS="638" HPOS="596" CONTENT="ner." SUBS_TYPE="HypPart2" SUBS_CONTENT="diner." ID="r2l12_1" STYLEREFS="FONT0"/>
            <SP HEIGHT="42" WIDTH="14" VPOS="638" HPOS="709"/>
            <String HEIGHT="42" WIDTH="99" VPOS="638" HPOS="666" CONTENT="«Si" ID="r2l12_2" STYLEREFS="FONT0"/>
            <SP HEIGHT="42" WIDTH="14" VPOS="638" HPOS="765"/>
            <String HEIGHT="42" WIDTH="155" VPOS="638" HPOS="723" CONTENT="j’avais" ID="r2l12_3" STYLEREFS="FONT0"/>
            <SP HEIGHT="42" WIDTH="14" VPOS="638" HPOS="878"/>
            <String HEIGHT="42" WIDTH="99" VPOS="638" HPOS="835" CONTENT="été" ID="r2l12_4" STYLEREFS="FONT0"/>
            <SP HEIGHT="42" WIDTH="14" VPOS="638" HPOS="934"/>
            <String HEIGHT="42" WIDTH="99" VPOS="638" HPOS="892" CONTENT="là," ID="r2l12_5" STYLEREFS="FONT0"/>
            <SP HEIGHT="42" WIDTH="14" VPOS="638" HPOS="991"/>
            <String HEIGHT="42" WIDTH="113" VPOS="638" HPOS="948" CONTENT="quel" ID="r2l12_6" STYLEREFS="FONT0"/>
            <SP HEIGHT="42" WIDTH="14" VPOS="638" HPOS="1061"/>
            <String HEIGHT="42" WIDTH="211" VPOS="638" HPOS="1005" CONTENT="guet" ID="r2l12_7" STYLEREFS="FONT0"/>
          </TextLine>
          <TextLine ID="r2l14" BASELINE="720" HEIGHT="53" WIDTH="883" VPOS="667" HPOS="614">
            <String HEIGHT="53" WIDTH="101" VPOS="667" HPOS="603" CONTENT="23637" ID="r2l14_1" STYLEREFS="FONT0"/>
            <SP HEIGHT="53" WIDTH="11" VPOS="667" HPOS="703"/>
            <String HEIGHT="53" WIDTH="123" VPOS="667" HPOS="670" CONTENT="BERRYER" ID="r2l14_2" STYLEREFS="FONT0"/>
            <SP HEIGHT="53" WIDTH="11" VPOS="667" HPOS="793"/>
            <String HEIGHT="53" WIDTH="78" VPOS="667" HPOS="759" CONTENT="(P." ID="r2l14_3" STYLEREFS="FONT0"/>
            <SP HEIGHT="53" WIDTH="11" VPOS="667" HPOS="838"/>
            <String HEIGHT="53" WIDTH="78" VPOS="667" HPOS="804" CONTENT="AJ," ID="r2l14_4" STYLEREFS="FONT0"/>
            <SP HEIGHT="53" WIDTH="11" VPOS="667" HPOS="882"/>
            <String HEIGHT="53" WIDTH="123" VPOS="667" HPOS="849" CONTENT="célèbre" ID="r2l14_5" STYLEREFS="FONT0"/>
            <SP HEIGHT="53" WIDTH="11" VPOS="667" HPOS="972"/>
            <String HEIGHT="53" WIDTH="168" VPOS="667" HPOS="938" CONTENT="avocatsurde" ID="r2l14_6" STYLEREFS="FONT0"/>
            <SP HEIGHT="53" WIDTH="11" VPOS="667" HPOS="1106"/>
            <String HEIGHT="53" WIDTH="123" VPOS="667" HPOS="1072" CONTENT="l’Acad." ID="r2l14_7" STYLEREFS="FONT0"/>
            <SP HEIGHT="53" WIDTH="11" VPOS="667" HPOS="1195"/>
            <String HEIGHT="53" WIDTH="78" VPOS="667" HPOS="1162" CONTENT="fr." ID="r2l14_8" STYLEREFS="FONT0"/>
            <SP HEIGHT="53" WIDTH="11" VPOS="667" HPOS="1240"/>
            <String HEIGHT="53" WIDTH="101" VPOS="667" HPOS="1206" CONTENT="L." ID="r2l14_9" STYLEREFS="FONT2"/>
            <SP HEIGHT="53" WIDTH="11" VPOS="667" HPOS="1307"/>
            <String HEIGHT="53" WIDTH="67" VPOS="667" HPOS="1273" CONTENT="a." ID="r2l14_10" STYLEREFS="FONT2"/>
            <SP HEIGHT="53" WIDTH="11" VPOS="667" HPOS="1341"/>
            <String HEIGHT="53" WIDTH="123" VPOS="667" HPOS="1307" CONTENT="s." ID="r2l14_11" STYLEREFS="FONT2"/>
            <SP HEIGHT="53" WIDTH="11" VPOS="667" HPOS="1430"/>
            <String HEIGHT="53" WIDTH="67" VPOS="667" HPOS="1396" CONTENT="24" ID="r2l14_12" STYLEREFS="FONT0"/>
            <SP HEIGHT="53" WIDTH="11" VPOS="667" HPOS="1463"/>
            <String HEIGHT="53" WIDTH="78" VPOS="667" HPOS="1419" CONTENT="janv." ID="r2l14_13" STYLEREFS="FONT0"/>
          </TextLine>
          <TextLine ID="r2l16" BASELINE="754" HEIGHT="48" WIDTH="400" VPOS="706" HPOS="614">
            <String HEIGHT="48" WIDTH="106" VPOS="706" HPOS="602" CONTENT="1850," ID="r2l16_1" STYLEREFS="FONT0"/>
            <SP HEIGHT="48" WIDTH="12" VPOS="706" HPOS="708"/>
            <String HEIGHT="48" WIDTH="59" VPOS="706" HPOS="673" CONTENT="1" ID="r2l16_2" STYLEREFS="FONT0"/>
            <SP HEIGHT="48" WIDTH="12" VPOS="706" HPOS="732"/>
            <String HEIGHT="48" WIDTH="71" VPOS="706" HPOS="696" CONTENT="p." ID="r2l16_3" STYLEREFS="FONT0"/>
            <SP HEIGHT="48" WIDTH="12" VPOS="706" HPOS="767"/>
            <String HEIGHT="48" WIDTH="106" VPOS="706" HPOS="732" CONTENT="in-4." ID="r2l16_4" STYLEREFS="FONT0"/>
            <SP HEIGHT="48" WIDTH="12" VPOS="706" HPOS="838"/>
            <String HEIGHT="48" WIDTH="106" VPOS="706" HPOS="802" CONTENT="Belle" ID="r2l16_5" STYLEREFS="FONT0"/>
            <SP HEIGHT="48" WIDTH="12" VPOS="706" HPOS="908"/>
            <String HEIGHT="48" WIDTH="118" VPOS="706" HPOS="873" CONTENT="pièce." ID="r2l16_6" STYLEREFS="FONT0"/>
            <SP HEIGHT="48" WIDTH="12" VPOS="706" HPOS="990"/>
            <String HEIGHT="48" WIDTH="59" VPOS="706" HPOS="955" CONTENT="2" ID="r2l16_7" STYLEREFS="FONT0"/>
            <SP HEIGHT="48" WIDTH="12" VPOS="706" HPOS="1014"/>
            <String HEIGHT="48" WIDTH="47" VPOS="706" HPOS="967" CONTENT="50" ID="r2l16_8" STYLEREFS="FONT0"/>
          </TextLine>
          <TextLine ID="r2l19" BASELINE="789" HEIGHT="66" WIDTH="851" VPOS="723" HPOS="616">
            <String HEIGHT="66" WIDTH="98" VPOS="723" HPOS="605" CONTENT="23638" ID="r2l19_1" STYLEREFS="FONT0"/>
            <SP HEIGHT="66" WIDTH="11" VPOS="723" HPOS="703"/>
            <String HEIGHT="66" WIDTH="120" VPOS="723" HPOS="671" CONTENT="BERTHET" ID="r2l19_2" STYLEREFS="FONT0"/>
            <SP HEIGHT="66" WIDTH="11" VPOS="723" HPOS="791"/>
            <String HEIGHT="66" WIDTH="120" VPOS="723" HPOS="758" CONTENT="(Élie)," ID="r2l19_3" STYLEREFS="FONT0"/>
            <SP HEIGHT="66" WIDTH="11" VPOS="723" HPOS="878"/>
            <String HEIGHT="66" WIDTH="120" VPOS="723" HPOS="845" CONTENT="célèbre" ID="r2l19_4" STYLEREFS="FONT0"/>
            <SP HEIGHT="66" WIDTH="11" VPOS="723" HPOS="965"/>
            <String HEIGHT="66" WIDTH="153" VPOS="723" HPOS="932" CONTENT="romancier." ID="r2l19_5" STYLEREFS="FONT0"/>
            <SP HEIGHT="66" WIDTH="11" VPOS="723" HPOS="1085"/>
            <String HEIGHT="66" WIDTH="98" VPOS="723" HPOS="1052" CONTENT="L." ID="r2l19_6" STYLEREFS="FONT2"/>
            <SP HEIGHT="66" WIDTH="11" VPOS="723" HPOS="1151"/>
            <String HEIGHT="66" WIDTH="65" VPOS="723" HPOS="1118" CONTENT="a." ID="r2l19_7" STYLEREFS="FONT2"/>
            <SP HEIGHT="66" WIDTH="11" VPOS="723" HPOS="1183"/>
            <String HEIGHT="66" WIDTH="120" VPOS="723" HPOS="1151" CONTENT="s." ID="r2l19_8" STYLEREFS="FONT2"/>
            <SP HEIGHT="66" WIDTH="11" VPOS="723" HPOS="1271"/>
            <String HEIGHT="66" WIDTH="98" VPOS="723" HPOS="1238" CONTENT="1850," ID="r2l19_9" STYLEREFS="FONT0"/>
            <SP HEIGHT="66" WIDTH="11" VPOS="723" HPOS="1336"/>
            <String HEIGHT="66" WIDTH="55" VPOS="723" HPOS="1303" CONTENT="1" ID="r2l19_10" STYLEREFS="FONT0"/>
            <SP HEIGHT="66" WIDTH="11" VPOS="723" HPOS="1358"/>
            <String HEIGHT="66" WIDTH="65" VPOS="723" HPOS="1325" CONTENT="p." ID="r2l19_11" STYLEREFS="FONT0"/>
            <SP HEIGHT="66" WIDTH="11" VPOS="723" HPOS="1391"/>
            <String HEIGHT="66" WIDTH="98" VPOS="723" HPOS="1358" CONTENT="in-8." ID="r2l19_12" STYLEREFS="FONT0"/>
            <SP HEIGHT="66" WIDTH="11" VPOS="723" HPOS="1456"/>
            <String HEIGHT="66" WIDTH="55" VPOS="723" HPOS="1423" CONTENT="2" ID="r2l19_13" STYLEREFS="FONT0"/>
            <SP HEIGHT="66" WIDTH="11" VPOS="723" HPOS="1478"/>
            <String HEIGHT="66" WIDTH="33" VPOS="723" HPOS="1434" CONTENT="»" ID="r2l19_14" STYLEREFS="FONT0"/>
          </TextLine>
          <TextLine ID="r2l20" BASELINE="826" HEIGHT="58" WIDTH="953" VPOS="768" HPOS="622">
            <String HEIGHT="58" WIDTH="111" VPOS="768" HPOS="610" CONTENT="23639" ID="r2l20_1" STYLEREFS="FONT0"/>
            <SP HEIGHT="58" WIDTH="12" VPOS="768" HPOS="721"/>
            <String HEIGHT="58" WIDTH="111" VPOS="768" HPOS="684" CONTENT="BEYLE" ID="r2l20_2" STYLEREFS="FONT0"/>
            <SP HEIGHT="58" WIDTH="12" VPOS="768" HPOS="795"/>
            <String HEIGHT="58" WIDTH="111" VPOS="768" HPOS="758" CONTENT="(H.)," ID="r2l20_3" STYLEREFS="FONT0"/>
            <SP HEIGHT="58" WIDTH="12" VPOS="768" HPOS="870"/>
            <String HEIGHT="58" WIDTH="87" VPOS="768" HPOS="832" CONTENT="dit" ID="r2l20_4" STYLEREFS="FONT0"/>
            <SP HEIGHT="58" WIDTH="12" VPOS="768" HPOS="919"/>
            <String HEIGHT="58" WIDTH="248" VPOS="768" HPOS="882" CONTENT="Stendhal" ID="r2l20_5" STYLEREFS="FONT2"/>
            <SP HEIGHT="58" WIDTH="12" VPOS="768" HPOS="1129"/>
            <String HEIGHT="58" WIDTH="74" VPOS="768" HPOS="1092" CONTENT="un" ID="r2l20_6" STYLEREFS="FONT0"/>
            <SP HEIGHT="58" WIDTH="12" VPOS="768" HPOS="1167"/>
            <String HEIGHT="58" WIDTH="74" VPOS="768" HPOS="1129" CONTENT="de" ID="r2l20_7" STYLEREFS="FONT0"/>
            <SP HEIGHT="58" WIDTH="12" VPOS="768" HPOS="1204"/>
            <String HEIGHT="58" WIDTH="87" VPOS="768" HPOS="1167" CONTENT="nos" ID="r2l20_8" STYLEREFS="FONT0"/>
            <SP HEIGHT="58" WIDTH="12" VPOS="768" HPOS="1253"/>
            <String HEIGHT="58" WIDTH="161" VPOS="768" HPOS="1216" CONTENT="écrivains" ID="r2l20_9" STYLEREFS="FONT0"/>
            <SP HEIGHT="58" WIDTH="12" VPOS="768" HPOS="1377"/>
            <String HEIGHT="58" WIDTH="87" VPOS="768" HPOS="1340" CONTENT="les" ID="r2l20_10" STYLEREFS="FONT0"/>
            <SP HEIGHT="58" WIDTH="12" VPOS="768" HPOS="1426"/>
            <String HEIGHT="58" WIDTH="99" VPOS="768" HPOS="1389" CONTENT="plus" ID="r2l20_11" STYLEREFS="FONT0"/>
            <SP HEIGHT="58" WIDTH="12" VPOS="768" HPOS="1488"/>
            <String HEIGHT="58" WIDTH="136" VPOS="768" HPOS="1439" CONTENT="originaux" ID="r2l20_12" STYLEREFS="FONT0"/>
          </TextLine>
          <TextLine ID="r2l23" BASELINE="866" HEIGHT="56" WIDTH="824" VPOS="810" HPOS="618">
            <String HEIGHT="56" WIDTH="96" VPOS="810" HPOS="607" CONTENT="L." ID="r2l23_1" STYLEREFS="FONT2"/>
            <SP HEIGHT="56" WIDTH="11" VPOS="810" HPOS="704"/>
            <String HEIGHT="56" WIDTH="64" VPOS="810" HPOS="672" CONTENT="a." ID="r2l23_2" STYLEREFS="FONT2"/>
            <SP HEIGHT="56" WIDTH="11" VPOS="810" HPOS="736"/>
            <String HEIGHT="56" WIDTH="118" VPOS="810" HPOS="704" CONTENT="s." ID="r2l23_3" STYLEREFS="FONT2"/>
            <SP HEIGHT="56" WIDTH="11" VPOS="810" HPOS="821"/>
            <String HEIGHT="56" WIDTH="54" VPOS="810" HPOS="789" CONTENT="à" ID="r2l23_4" STYLEREFS="FONT0"/>
            <SP HEIGHT="56" WIDTH="11" VPOS="810" HPOS="843"/>
            <String HEIGHT="56" WIDTH="64" VPOS="810" HPOS="811" CONTENT="M." ID="r2l23_5" STYLEREFS="FONT0"/>
            <SP HEIGHT="56" WIDTH="11" VPOS="810" HPOS="875"/>
            <String HEIGHT="56" WIDTH="171" VPOS="810" HPOS="843" CONTENT="Jevavasseur;" ID="r2l23_6" STYLEREFS="FONT0"/>
            <SP HEIGHT="56" WIDTH="11" VPOS="810" HPOS="1014"/>
            <String HEIGHT="56" WIDTH="64" VPOS="810" HPOS="982" CONTENT="10" ID="r2l23_7" STYLEREFS="FONT0"/>
            <SP HEIGHT="56" WIDTH="11" VPOS="810" HPOS="1046"/>
            <String HEIGHT="56" WIDTH="86" VPOS="810" HPOS="1014" CONTENT="nov." ID="r2l23_8" STYLEREFS="FONT0"/>
            <SP HEIGHT="56" WIDTH="11" VPOS="810" HPOS="1100"/>
            <String HEIGHT="56" WIDTH="96" VPOS="810" HPOS="1067" CONTENT="1837," ID="r2l23_9" STYLEREFS="FONT0"/>
            <SP HEIGHT="56" WIDTH="11" VPOS="810" HPOS="1164"/>
            <String HEIGHT="56" WIDTH="54" VPOS="810" HPOS="1132" CONTENT="1" ID="r2l23_10" STYLEREFS="FONT0"/>
            <SP HEIGHT="56" WIDTH="11" VPOS="810" HPOS="1185"/>
            <String HEIGHT="56" WIDTH="64" VPOS="810" HPOS="1153" CONTENT="p." ID="r2l23_11" STYLEREFS="FONT0"/>
            <SP HEIGHT="56" WIDTH="11" VPOS="810" HPOS="1217"/>
            <String HEIGHT="56" WIDTH="96" VPOS="810" HPOS="1185" CONTENT="in-4." ID="r2l23_12" STYLEREFS="FONT0"/>
            <SP HEIGHT="56" WIDTH="11" VPOS="810" HPOS="1281"/>
            <String HEIGHT="56" WIDTH="171" VPOS="810" HPOS="1249" CONTENT="Rare" ID="r2l23_13" STYLEREFS="FONT2"/>
            <SP HEIGHT="56" WIDTH="11" VPOS="810" HPOS="1421"/>
            <String HEIGHT="56" WIDTH="54" VPOS="810" HPOS="1388" CONTENT="5" ID="r2l23_14" STYLEREFS="FONT0"/>
            <SP HEIGHT="56" WIDTH="11" VPOS="810" HPOS="1442"/>
            <String HEIGHT="56" WIDTH="43" VPOS="810" HPOS="1399" CONTENT="50" ID="r2l23_15" STYLEREFS="FONT0"/>
          </TextLine>
          <TextLine ID="r2l25" BASELINE="905" HEIGHT="50" WIDTH="876" VPOS="855" HPOS="614">
            <String HEIGHT="50" WIDTH="114" VPOS="855" HPOS="601" CONTENT="23640" ID="r2l25_1" STYLEREFS="FONT0"/>
            <SP HEIGHT="50" WIDTH="13" VPOS="855" HPOS="716"/>
            <String HEIGHT="50" WIDTH="114" VPOS="855" HPOS="677" CONTENT="BLANC" ID="r2l25_2" STYLEREFS="FONT0"/>
            <SP HEIGHT="50" WIDTH="13" VPOS="855" HPOS="792"/>
            <String HEIGHT="50" WIDTH="152" VPOS="855" HPOS="754" CONTENT="(Louis)," ID="r2l25_3" STYLEREFS="FONT0"/>
            <SP HEIGHT="50" WIDTH="13" VPOS="855" HPOS="906"/>
            <String HEIGHT="50" WIDTH="140" VPOS="855" HPOS="868" CONTENT="célèbre" ID="r2l25_4" STYLEREFS="FONT0"/>
            <SP HEIGHT="50" WIDTH="13" VPOS="855" HPOS="1008"/>
            <String HEIGHT="50" WIDTH="178" VPOS="855" HPOS="969" CONTENT="historien," ID="r2l25_5" STYLEREFS="FONT0"/>
            <SP HEIGHT="50" WIDTH="13" VPOS="855" HPOS="1147"/>
            <String HEIGHT="50" WIDTH="127" VPOS="855" HPOS="1109" CONTENT="membre" ID="r2l25_6" STYLEREFS="FONT0"/>
            <SP HEIGHT="50" WIDTH="13" VPOS="855" HPOS="1236"/>
            <String HEIGHT="50" WIDTH="76" VPOS="855" HPOS="1198" CONTENT="du" ID="r2l25_7" STYLEREFS="FONT0"/>
            <SP HEIGHT="50" WIDTH="13" VPOS="855" HPOS="1274"/>
            <String HEIGHT="50" WIDTH="203" VPOS="855" HPOS="1236" CONTENT="Gouvernement" ID="r2l25_8" STYLEREFS="FONT0"/>
            <SP HEIGHT="50" WIDTH="13" VPOS="855" HPOS="1439"/>
            <String HEIGHT="50" WIDTH="102" VPOS="855" HPOS="1388" CONTENT="provi" SUBS_TYPE="HypPart1" SUBS_CONTENT="provisoire" ID="r2l25_9" STYLEREFS="FONT0"/>
            <HYP CONTENT="-"/>
          </TextLine>
          <TextLine ID="r2l26" BASELINE="929" HEIGHT="51" WIDTH="966" VPOS="878" HPOS="618">
            <String HEIGHT="51" WIDTH="114" VPOS="878" HPOS="605" CONTENT="soire" SUBS_TYPE="HypPart2" SUBS_CONTENT="provisoire" ID="r2l26_1" STYLEREFS="FONT0"/>
            <SP HEIGHT="51" WIDTH="13" VPOS="878" HPOS="720"/>
            <String HEIGHT="51" WIDTH="76" VPOS="878" HPOS="682" CONTENT="en" ID="r2l26_2" STYLEREFS="FONT0"/>
            <SP HEIGHT="51" WIDTH="13" VPOS="878" HPOS="758"/>
            <String HEIGHT="51" WIDTH="114" VPOS="878" HPOS="720" CONTENT="1848." ID="r2l26_3" STYLEREFS="FONT0"/>
            <SP HEIGHT="51" WIDTH="13" VPOS="878" HPOS="834"/>
            <String HEIGHT="51" WIDTH="114" VPOS="878" HPOS="796" CONTENT="L." ID="r2l26_4" STYLEREFS="FONT2"/>
            <SP HEIGHT="51" WIDTH="13" VPOS="878" HPOS="910"/>
            <String HEIGHT="51" WIDTH="76" VPOS="878" HPOS="872" CONTENT="a." ID="r2l26_5" STYLEREFS="FONT2"/>
            <SP HEIGHT="51" WIDTH="13" VPOS="878" HPOS="948"/>
            <String HEIGHT="51" WIDTH="127" VPOS="878" HPOS="910" CONTENT="s." ID="r2l26_6" STYLEREFS="FONT2"/>
            <SP HEIGHT="51" WIDTH="13" VPOS="878" HPOS="1037"/>
            <String HEIGHT="51" WIDTH="76" VPOS="878" HPOS="999" CONTENT="au" ID="r2l26_7" STYLEREFS="FONT0"/>
            <SP HEIGHT="51" WIDTH="13" VPOS="878" HPOS="1076"/>
            <String HEIGHT="51" WIDTH="165" VPOS="878" HPOS="1037" CONTENT="directeur" ID="r2l26_8" STYLEREFS="FONT0"/>
            <SP HEIGHT="51" WIDTH="13" VPOS="878" HPOS="1203"/>
            <String HEIGHT="51" WIDTH="76" VPOS="878" HPOS="1165" CONTENT="de" ID="r2l26_9" STYLEREFS="FONT0"/>
            <SP HEIGHT="51" WIDTH="13" VPOS="878" HPOS="1241"/>
            <String HEIGHT="51" WIDTH="178" VPOS="878" HPOS="1203" CONTENT="l’Académie" ID="r2l26_10" STYLEREFS="FONT0"/>
            <SP HEIGHT="51" WIDTH="13" VPOS="878" HPOS="1381"/>
            <String HEIGHT="51" WIDTH="76" VPOS="878" HPOS="1343" CONTENT="de" ID="r2l26_11" STYLEREFS="FONT0"/>
            <SP HEIGHT="51" WIDTH="13" VPOS="878" HPOS="1419"/>
            <String HEIGHT="51" WIDTH="153" VPOS="878" HPOS="1381" CONTENT="musique;" ID="r2l26_12" STYLEREFS="FONT0"/>
            <SP HEIGHT="51" WIDTH="13" VPOS="878" HPOS="1533"/>
            <String HEIGHT="51" WIDTH="102" VPOS="878" HPOS="1482" CONTENT="Paris," ID="r2l26_13" STYLEREFS="FONT0"/>
          </TextLine>
          <TextLine ID="r2l29" BASELINE="963" HEIGHT="43" WIDTH="551" VPOS="920" HPOS="613">
            <String HEIGHT="43" WIDTH="79" VPOS="920" HPOS="600" CONTENT="19" ID="r2l29_1" STYLEREFS="FONT0"/>
            <SP HEIGHT="43" WIDTH="13" VPOS="920" HPOS="679"/>
            <String HEIGHT="43" WIDTH="105" VPOS="920" HPOS="639" CONTENT="août" ID="r2l29_2" STYLEREFS="FONT0"/>
            <SP HEIGHT="43" WIDTH="13" VPOS="920" HPOS="744"/>
            <String HEIGHT="43" WIDTH="105" VPOS="920" HPOS="705" CONTENT="1840" ID="r2l29_3" STYLEREFS="FONT0"/>
            <SP HEIGHT="43" WIDTH="13" VPOS="920" HPOS="810"/>
            <String HEIGHT="43" WIDTH="92" VPOS="920" HPOS="770" CONTENT="3/4" ID="r2l29_4" STYLEREFS="FONT0"/>
            <SP HEIGHT="43" WIDTH="13" VPOS="920" HPOS="862"/>
            <String HEIGHT="43" WIDTH="79" VPOS="920" HPOS="823" CONTENT="de" ID="r2l29_5" STYLEREFS="FONT0"/>
            <SP HEIGHT="43" WIDTH="13" VPOS="920" HPOS="902"/>
            <String HEIGHT="43" WIDTH="79" VPOS="920" HPOS="862" CONTENT="p." ID="r2l29_6" STYLEREFS="FONT0"/>
            <SP HEIGHT="43" WIDTH="13" VPOS="920" HPOS="941"/>
            <String HEIGHT="43" WIDTH="118" VPOS="920" HPOS="902" CONTENT="in-4." ID="r2l29_7" STYLEREFS="FONT0"/>
            <SP HEIGHT="43" WIDTH="13" VPOS="920" HPOS="1020"/>
            <String HEIGHT="43" WIDTH="171" VPOS="920" HPOS="980" CONTENT="Curieuse." ID="r2l29_8" STYLEREFS="FONT0"/>
            <SP HEIGHT="43" WIDTH="13" VPOS="920" HPOS="1151"/>
            <String HEIGHT="43" WIDTH="66" VPOS="920" HPOS="1112" CONTENT="5" ID="r2l29_9" STYLEREFS="FONT0"/>
            <SP HEIGHT="43" WIDTH="13" VPOS="920" HPOS="1177"/>
            <String HEIGHT="43" WIDTH="39" VPOS="920" HPOS="1125" CONTENT="»" ID="r2l29_10" STYLEREFS="FONT0"/>
          </TextLine>
          <TextLine ID="r2l30" BASELINE="1000" HEIGHT="64" WIDTH="975" VPOS="936" HPOS="617">
            <String HEIGHT="64" WIDTH="124" VPOS="936" HPOS="603" CONTENT="23641" ID="r2l30_1" STYLEREFS="FONT0"/>
            <SP HEIGHT="64" WIDTH="14" VPOS="936" HPOS="727"/>
            <String HEIGHT="64" WIDTH="151" VPOS="936" HPOS="686" CONTENT="BOESSET" ID="r2l30_2" STYLEREFS="FONT0"/>
            <SP HEIGHT="64" WIDTH="14" VPOS="936" HPOS="837"/>
            <String HEIGHT="64" WIDTH="192" VPOS="936" HPOS="796" CONTENT="(Antoine)," ID="r2l30_3" STYLEREFS="FONT0"/>
            <SP HEIGHT="64" WIDTH="14" VPOS="936" HPOS="988"/>
            <String HEIGHT="64" WIDTH="124" VPOS="936" HPOS="947" CONTENT="sieur" ID="r2l30_4" STYLEREFS="FONT0"/>
            <SP HEIGHT="64" WIDTH="14" VPOS="936" HPOS="1070"/>
            <String HEIGHT="64" WIDTH="82" VPOS="936" HPOS="1029" CONTENT="de" ID="r2l30_5" STYLEREFS="FONT0"/>
            <SP HEIGHT="64" WIDTH="14" VPOS="936" HPOS="1111"/>
            <String HEIGHT="64" WIDTH="192" VPOS="936" HPOS="1070" CONTENT="Villedieu," ID="r2l30_6" STYLEREFS="FONT0"/>
            <SP HEIGHT="64" WIDTH="14" VPOS="936" HPOS="1262"/>
            <String HEIGHT="64" WIDTH="220" VPOS="936" HPOS="1221" CONTENT="surintendant" ID="r2l30_7" STYLEREFS="FONT0"/>
            <SP HEIGHT="64" WIDTH="14" VPOS="936" HPOS="1441"/>
            <String HEIGHT="64" WIDTH="82" VPOS="936" HPOS="1400" CONTENT="de" ID="r2l30_8" STYLEREFS="FONT0"/>
            <SP HEIGHT="64" WIDTH="14" VPOS="936" HPOS="1482"/>
            <String HEIGHT="64" WIDTH="82" VPOS="936" HPOS="1441" CONTENT="la" ID="r2l30_9" STYLEREFS="FONT0"/>
            <SP HEIGHT="64" WIDTH="14" VPOS="936" HPOS="1523"/>
            <String HEIGHT="64" WIDTH="124" VPOS="936" HPOS="1468" CONTENT="musique" ID="r2l30_10" STYLEREFS="FONT0"/>
          </TextLine>
          <TextLine ID="r2l31" BASELINE="1032" HEIGHT="51" WIDTH="974" VPOS="981" HPOS="617">
            <String HEIGHT="51" WIDTH="87" VPOS="981" HPOS="602" CONTENT="de" ID="r2l31_1" STYLEREFS="FONT0"/>
            <SP HEIGHT="51" WIDTH="15" VPOS="981" HPOS="690"/>
            <String HEIGHT="51" WIDTH="87" VPOS="981" HPOS="646" CONTENT="la" ID="r2l31_2" STYLEREFS="FONT0"/>
            <SP HEIGHT="51" WIDTH="15" VPOS="981" HPOS="733"/>
            <String HEIGHT="51" WIDTH="160" VPOS="981" HPOS="690" CONTENT="éhambre" ID="r2l31_3" STYLEREFS="FONT0"/>
            <SP HEIGHT="51" WIDTH="15" VPOS="981" HPOS="850"/>
            <String HEIGHT="51" WIDTH="87" VPOS="981" HPOS="806" CONTENT="du" ID="r2l31_4" STYLEREFS="FONT0"/>
            <SP HEIGHT="51" WIDTH="15" VPOS="981" HPOS="893"/>
            <String HEIGHT="51" WIDTH="116" VPOS="981" HPOS="850" CONTENT="Roi," ID="r2l31_5" STYLEREFS="FONT0"/>
            <SP HEIGHT="51" WIDTH="15" VPOS="981" HPOS="966"/>
            <String HEIGHT="51" WIDTH="116" VPOS="981" HPOS="922" CONTENT="sous" ID="r2l31_6" STYLEREFS="FONT0"/>
            <SP HEIGHT="51" WIDTH="15" VPOS="981" HPOS="1039"/>
            <String HEIGHT="51" WIDTH="131" VPOS="981" HPOS="995" CONTENT="Louis" ID="r2l31_7" STYLEREFS="FONT0"/>
            <SP HEIGHT="51" WIDTH="15" VPOS="981" HPOS="1126"/>
            <String HEIGHT="51" WIDTH="131" VPOS="981" HPOS="1082" CONTENT="XIII," ID="r2l31_8" STYLEREFS="FONT0"/>
            <SP HEIGHT="51" WIDTH="15" VPOS="981" HPOS="1213"/>
            <String HEIGHT="51" WIDTH="145" VPOS="981" HPOS="1169" CONTENT="auteur" ID="r2l31_9" STYLEREFS="FONT0"/>
            <SP HEIGHT="51" WIDTH="15" VPOS="981" HPOS="1315"/>
            <String HEIGHT="51" WIDTH="87" VPOS="981" HPOS="1271" CONTENT="de" ID="r2l31_10" STYLEREFS="FONT0"/>
            <SP HEIGHT="51" WIDTH="15" VPOS="981" HPOS="1358"/>
            <String HEIGHT="51" WIDTH="189" VPOS="981" HPOS="1315" CONTENT="plusieurs" ID="r2l31_11" STYLEREFS="FONT0"/>
            <SP HEIGHT="51" WIDTH="15" VPOS="981" HPOS="1504"/>
            <String HEIGHT="51" WIDTH="145" VPOS="981" HPOS="1446" CONTENT="ballets." ID="r2l31_12" STYLEREFS="FONT0"/>
          </TextLine>
          <TextLine ID="r2l32" BASELINE="1068" HEIGHT="53" WIDTH="970" VPOS="1015" HPOS="615">
            <String HEIGHT="53" WIDTH="135" VPOS="1015" HPOS="602" CONTENT="Quitt." ID="r2l32_1" STYLEREFS="FONT0"/>
            <SP HEIGHT="53" WIDTH="13" VPOS="1015" HPOS="736"/>
            <String HEIGHT="53" WIDTH="121" VPOS="1015" HPOS="696" CONTENT="sig.," ID="r2l32_2" STYLEREFS="FONT0"/>
            <SP HEIGHT="53" WIDTH="13" VPOS="1015" HPOS="817"/>
            <String HEIGHT="53" WIDTH="94" VPOS="1015" HPOS="777" CONTENT="sur" ID="r2l32_3" STYLEREFS="FONT0"/>
            <SP HEIGHT="53" WIDTH="13" VPOS="1015" HPOS="871"/>
            <String HEIGHT="53" WIDTH="135" VPOS="1015" HPOS="831" CONTENT="vélin," ID="r2l32_4" STYLEREFS="FONT0"/>
            <SP HEIGHT="53" WIDTH="13" VPOS="1015" HPOS="965"/>
            <String HEIGHT="53" WIDTH="121" VPOS="1015" HPOS="925" CONTENT="comme" ID="r2l32_5" STYLEREFS="FONT0"/>
            <SP HEIGHT="53" WIDTH="13" VPOS="1015" HPOS="1046"/>
            <String HEIGHT="53" WIDTH="175" VPOS="1015" HPOS="1006" CONTENT="maître" ID="r2l32_6" STYLEREFS="FONT2"/>
            <SP HEIGHT="53" WIDTH="13" VPOS="1015" HPOS="1181"/>
            <String HEIGHT="53" WIDTH="94" VPOS="1015" HPOS="1140" CONTENT="des" ID="r2l32_7" STYLEREFS="FONT2"/>
            <SP HEIGHT="53" WIDTH="13" VPOS="1015" HPOS="1235"/>
            <String HEIGHT="53" WIDTH="148" VPOS="1015" HPOS="1194" CONTENT="enfants" ID="r2l32_8" STYLEREFS="FONT2"/>
            <SP HEIGHT="53" WIDTH="13" VPOS="1015" HPOS="1343"/>
            <String HEIGHT="53" WIDTH="81" VPOS="1015" HPOS="1302" CONTENT="de" ID="r2l32_9" STYLEREFS="FONT2"/>
            <SP HEIGHT="53" WIDTH="13" VPOS="1015" HPOS="1383"/>
            <String HEIGHT="53" WIDTH="148" VPOS="1015" HPOS="1343" CONTENT="musique" ID="r2l32_10" STYLEREFS="FONT2"/>
            <SP HEIGHT="53" WIDTH="13" VPOS="1015" HPOS="1491"/>
            <String HEIGHT="53" WIDTH="81" VPOS="1015" HPOS="1450" CONTENT="de" ID="r2l32_11" STYLEREFS="FONT2"/>
            <SP HEIGHT="53" WIDTH="13" VPOS="1015" HPOS="1531"/>
            <String HEIGHT="53" WIDTH="108" VPOS="1015" HPOS="1477" CONTENT="la" ID="r2l32_12" STYLEREFS="FONT2"/>
          </TextLine>
          <TextLine ID="r2l35" BASELINE="1100" HEIGHT="50" WIDTH="728" VPOS="1050" HPOS="616">
            <String HEIGHT="50" WIDTH="154" VPOS="1050" HPOS="605" CONTENT="chambre" ID="r2l35_1" STYLEREFS="FONT2"/>
            <SP HEIGHT="50" WIDTH="11" VPOS="1050" HPOS="759"/>
            <String HEIGHT="50" WIDTH="66" VPOS="1050" HPOS="726" CONTENT="du" ID="r2l35_2" STYLEREFS="FONT2"/>
            <SP HEIGHT="50" WIDTH="11" VPOS="1050" HPOS="792"/>
            <String HEIGHT="50" WIDTH="132" VPOS="1050" HPOS="759" CONTENT="roi;" ID="r2l35_3" STYLEREFS="FONT2"/>
            <SP HEIGHT="50" WIDTH="11" VPOS="1050" HPOS="892"/>
            <String HEIGHT="50" WIDTH="66" VPOS="1050" HPOS="859" CONTENT="21" ID="r2l35_4" STYLEREFS="FONT0"/>
            <SP HEIGHT="50" WIDTH="11" VPOS="1050" HPOS="925"/>
            <String HEIGHT="50" WIDTH="88" VPOS="1050" HPOS="892" CONTENT="mars" ID="r2l35_5" STYLEREFS="FONT0"/>
            <SP HEIGHT="50" WIDTH="11" VPOS="1050" HPOS="980"/>
            <String HEIGHT="50" WIDTH="99" VPOS="1050" HPOS="947" CONTENT="1620," ID="r2l35_6" STYLEREFS="FONT0"/>
            <SP HEIGHT="50" WIDTH="11" VPOS="1050" HPOS="1046"/>
            <String HEIGHT="50" WIDTH="88" VPOS="1050" HPOS="1013" CONTENT="in-4" ID="r2l35_7" STYLEREFS="FONT0"/>
            <SP HEIGHT="50" WIDTH="11" VPOS="1050" HPOS="1101"/>
            <String HEIGHT="50" WIDTH="121" VPOS="1050" HPOS="1068" CONTENT="oblong." ID="r2l35_8" STYLEREFS="FONT0"/>
            <SP HEIGHT="50" WIDTH="11" VPOS="1050" HPOS="1190"/>
            <String HEIGHT="50" WIDTH="176" VPOS="1050" HPOS="1156" CONTENT="Rare" ID="r2l35_9" STYLEREFS="FONT2"/>
            <SP HEIGHT="50" WIDTH="11" VPOS="1050" HPOS="1333"/>
            <String HEIGHT="50" WIDTH="55" VPOS="1050" HPOS="1300" CONTENT="8" ID="r2l35_10" STYLEREFS="FONT0"/>
            <SP HEIGHT="50" WIDTH="11" VPOS="1050" HPOS="1355"/>
            <String HEIGHT="50" WIDTH="33" VPOS="1050" HPOS="1311" CONTENT="»" ID="r2l35_11" STYLEREFS="FONT0"/>
          </TextLine>
          <TextLine ID="r2l36" BASELINE="1141" HEIGHT="56" WIDTH="975" VPOS="1085" HPOS="614">
            <String HEIGHT="56" WIDTH="120" VPOS="1085" HPOS="601" CONTENT="23642" ID="r2l36_1" STYLEREFS="FONT0"/>
            <SP HEIGHT="56" WIDTH="13" VPOS="1085" HPOS="721"/>
            <String HEIGHT="56" WIDTH="147" VPOS="1085" HPOS="681" CONTENT="BOESSET" ID="r2l36_2" STYLEREFS="FONT0"/>
            <SP HEIGHT="56" WIDTH="13" VPOS="1085" HPOS="828"/>
            <String HEIGHT="56" WIDTH="93" VPOS="1085" HPOS="788" CONTENT="(J." ID="r2l36_3" STYLEREFS="FONT0"/>
            <SP HEIGHT="56" WIDTH="13" VPOS="1085" HPOS="881"/>
            <String HEIGHT="56" WIDTH="80" VPOS="1085" HPOS="841" CONTENT="B." ID="r2l36_4" STYLEREFS="FONT0"/>
            <SP HEIGHT="56" WIDTH="13" VPOS="1085" HPOS="921"/>
            <String HEIGHT="56" WIDTH="107" VPOS="1085" HPOS="881" CONTENT="de)," ID="r2l36_5" STYLEREFS="FONT0"/>
            <SP HEIGHT="56" WIDTH="13" VPOS="1085" HPOS="988"/>
            <String HEIGHT="56" WIDTH="160" VPOS="1085" HPOS="948" CONTENT="seigneur" ID="r2l36_6" STYLEREFS="FONT0"/>
            <SP HEIGHT="56" WIDTH="13" VPOS="1085" HPOS="1108"/>
            <String HEIGHT="56" WIDTH="80" VPOS="1085" HPOS="1068" CONTENT="de" ID="r2l36_7" STYLEREFS="FONT0"/>
            <SP HEIGHT="56" WIDTH="13" VPOS="1085" HPOS="1148"/>
            <String HEIGHT="56" WIDTH="134" VPOS="1085" HPOS="1108" CONTENT="Hault," ID="r2l36_8" STYLEREFS="FONT0"/>
            <SP HEIGHT="56" WIDTH="13" VPOS="1085" HPOS="1242"/>
            <String HEIGHT="56" WIDTH="107" VPOS="1085" HPOS="1202" CONTENT="fils" ID="r2l36_9" STYLEREFS="FONT0"/>
            <SP HEIGHT="56" WIDTH="13" VPOS="1085" HPOS="1309"/>
            <String HEIGHT="56" WIDTH="80" VPOS="1085" HPOS="1268" CONTENT="du" ID="r2l36_10" STYLEREFS="FONT0"/>
            <SP HEIGHT="56" WIDTH="13" VPOS="1085" HPOS="1349"/>
            <String HEIGHT="56" WIDTH="187" VPOS="1085" HPOS="1309" CONTENT="précédent," ID="r2l36_11" STYLEREFS="FONT0"/>
            <SP HEIGHT="56" WIDTH="13" VPOS="1085" HPOS="1496"/>
            <String HEIGHT="56" WIDTH="147" VPOS="1085" HPOS="1442" CONTENT="surinten" SUBS_TYPE="HypPart1" SUBS_CONTENT="surintendant" ID="r2l36_12" STYLEREFS="FONT0"/>
            <HYP CONTENT="-"/>
          </TextLine>
          <TextLine ID="r2l37" BASELINE="1173" HEIGHT="49" WIDTH="971" VPOS="1124" HPOS="614">
            <String HEIGHT="49" WIDTH="108" VPOS="1124" HPOS="601" CONTENT="dant" SUBS_TYPE="HypPart2" SUBS_CONTENT="surintendant" ID="r2l37_1" STYLEREFS="FONT0"/>
            <SP HEIGHT="49" WIDTH="13" VPOS="1124" HPOS="708"/>
            <String HEIGHT="49" WIDTH="81" VPOS="1124" HPOS="668" CONTENT="de" ID="r2l37_2" STYLEREFS="FONT0"/>
            <SP HEIGHT="49" WIDTH="13" VPOS="1124" HPOS="749"/>
            <String HEIGHT="49" WIDTH="148" VPOS="1124" HPOS="708" CONTENT="musique" ID="r2l37_3" STYLEREFS="FONT0"/>
            <SP HEIGHT="49" WIDTH="13" VPOS="1124" HPOS="857"/>
            <String HEIGHT="49" WIDTH="81" VPOS="1124" HPOS="816" CONTENT="de" ID="r2l37_4" STYLEREFS="FONT0"/>
            <SP HEIGHT="49" WIDTH="13" VPOS="1124" HPOS="897"/>
            <String HEIGHT="49" WIDTH="81" VPOS="1124" HPOS="857" CONTENT="la" ID="r2l37_5" STYLEREFS="FONT0"/>
            <SP HEIGHT="49" WIDTH="13" VPOS="1124" HPOS="938"/>
            <String HEIGHT="49" WIDTH="148" VPOS="1124" HPOS="897" CONTENT="chambre" ID="r2l37_6" STYLEREFS="FONT0"/>
            <SP HEIGHT="49" WIDTH="13" VPOS="1124" HPOS="1046"/>
            <String HEIGHT="49" WIDTH="81" VPOS="1124" HPOS="1005" CONTENT="du" ID="r2l37_7" STYLEREFS="FONT0"/>
            <SP HEIGHT="49" WIDTH="13" VPOS="1124" HPOS="1086"/>
            <String HEIGHT="49" WIDTH="108" VPOS="1124" HPOS="1046" CONTENT="Roiy" ID="r2l37_8" STYLEREFS="FONT0"/>
            <SP HEIGHT="49" WIDTH="13" VPOS="1124" HPOS="1153"/>
            <String HEIGHT="49" WIDTH="94" VPOS="1124" HPOS="1113" CONTENT="qui" ID="r2l37_9" STYLEREFS="FONT0"/>
            <SP HEIGHT="49" WIDTH="13" VPOS="1124" HPOS="1207"/>
            <String HEIGHT="49" WIDTH="94" VPOS="1124" HPOS="1167" CONTENT="fit" ID="r2l37_10" STYLEREFS="FONT0"/>
            <SP HEIGHT="49" WIDTH="13" VPOS="1124" HPOS="1261"/>
            <String HEIGHT="49" WIDTH="81" VPOS="1124" HPOS="1221" CONTENT="le" ID="r2l37_11" STYLEREFS="FONT0"/>
            <SP HEIGHT="49" WIDTH="13" VPOS="1124" HPOS="1302"/>
            <String HEIGHT="49" WIDTH="175" VPOS="1124" HPOS="1261" CONTENT="Ballet" ID="r2l37_12" STYLEREFS="FONT2"/>
            <SP HEIGHT="49" WIDTH="13" VPOS="1124" HPOS="1437"/>
            <String HEIGHT="49" WIDTH="81" VPOS="1124" HPOS="1396" CONTENT="du" ID="r2l37_13" STYLEREFS="FONT2"/>
            <SP HEIGHT="49" WIDTH="13" VPOS="1124" HPOS="1477"/>
            <String HEIGHT="49" WIDTH="162" VPOS="1124" HPOS="1423" CONTENT="Temps" ID="r2l37_14" STYLEREFS="FONT2"/>
          </TextLine>
          <TextLine ID="r2l38" BASELINE="1207" HEIGHT="52" WIDTH="957" VPOS="1155" HPOS="627">
            <String HEIGHT="52" WIDTH="141" VPOS="1155" HPOS="613" CONTENT="quitt." ID="r2l38_1" STYLEREFS="FONT0"/>
            <SP HEIGHT="52" WIDTH="14" VPOS="1155" HPOS="754"/>
            <String HEIGHT="52" WIDTH="127" VPOS="1155" HPOS="711" CONTENT="sig.," ID="r2l38_2" STYLEREFS="FONT0"/>
            <SP HEIGHT="52" WIDTH="14" VPOS="1155" HPOS="838"/>
            <String HEIGHT="52" WIDTH="99" VPOS="1155" HPOS="796" CONTENT="sur" ID="r2l38_3" STYLEREFS="FONT0"/>
            <SP HEIGHT="52" WIDTH="14" VPOS="1155" HPOS="894"/>
            <String HEIGHT="52" WIDTH="141" VPOS="1155" HPOS="852" CONTENT="vélin;" ID="r2l38_4" STYLEREFS="FONT0"/>
            <SP HEIGHT="52" WIDTH="14" VPOS="1155" HPOS="993"/>
            <String HEIGHT="52" WIDTH="84" VPOS="1155" HPOS="951" CONTENT="23" ID="r2l38_5" STYLEREFS="FONT0"/>
            <SP HEIGHT="52" WIDTH="14" VPOS="1155" HPOS="1035"/>
            <String HEIGHT="52" WIDTH="127" VPOS="1155" HPOS="993" CONTENT="févr." ID="r2l38_6" STYLEREFS="FONT0"/>
            <SP HEIGHT="52" WIDTH="14" VPOS="1155" HPOS="1120"/>
            <String HEIGHT="52" WIDTH="127" VPOS="1155" HPOS="1077" CONTENT="1657," ID="r2l38_7" STYLEREFS="FONT0"/>
            <SP HEIGHT="52" WIDTH="14" VPOS="1155" HPOS="1204"/>
            <String HEIGHT="52" WIDTH="113" VPOS="1155" HPOS="1162" CONTENT="in-8" ID="r2l38_8" STYLEREFS="FONT0"/>
            <SP HEIGHT="52" WIDTH="14" VPOS="1155" HPOS="1274"/>
            <String HEIGHT="52" WIDTH="155" VPOS="1155" HPOS="1232" CONTENT="oblong." ID="r2l38_9" STYLEREFS="FONT0"/>
            <SP HEIGHT="52" WIDTH="14" VPOS="1155" HPOS="1387"/>
            <String HEIGHT="52" WIDTH="127" VPOS="1155" HPOS="1345" CONTENT="Jolie" ID="r2l38_10" STYLEREFS="FONT0"/>
            <SP HEIGHT="52" WIDTH="14" VPOS="1155" HPOS="1471"/>
            <String HEIGHT="52" WIDTH="141" VPOS="1155" HPOS="1429" CONTENT="pièce." ID="r2l38_11" STYLEREFS="FONT0"/>
            <SP HEIGHT="52" WIDTH="14" VPOS="1155" HPOS="1570"/>
            <String HEIGHT="52" WIDTH="70" VPOS="1155" HPOS="1528" CONTENT="5" ID="r2l38_12" STYLEREFS="FONT0"/>
            <SP HEIGHT="52" WIDTH="14" VPOS="1155" HPOS="1598"/>
            <String HEIGHT="52" WIDTH="42" VPOS="1155" HPOS="1542" CONTENT="»" ID="r2l38_13" STYLEREFS="FONT0"/>
          </TextLine>
          <TextLine ID="r2l39" BASELINE="1242" HEIGHT="53" WIDTH="964" VPOS="1189" HPOS="624">
            <String HEIGHT="53" WIDTH="116" VPOS="1189" HPOS="611" CONTENT="23643" ID="r2l39_1" STYLEREFS="FONT0"/>
            <SP HEIGHT="53" WIDTH="13" VPOS="1189" HPOS="727"/>
            <String HEIGHT="53" WIDTH="141" VPOS="1189" HPOS="688" CONTENT="BOESSET" ID="r2l39_2" STYLEREFS="FONT0"/>
            <SP HEIGHT="53" WIDTH="13" VPOS="1189" HPOS="830"/>
            <String HEIGHT="53" WIDTH="103" VPOS="1189" HPOS="791" CONTENT="(Cl." ID="r2l39_3" STYLEREFS="FONT0"/>
            <SP HEIGHT="53" WIDTH="13" VPOS="1189" HPOS="894"/>
            <String HEIGHT="53" WIDTH="77" VPOS="1189" HPOS="855" CONTENT="J." ID="r2l39_4" STYLEREFS="FONT0"/>
            <SP HEIGHT="53" WIDTH="13" VPOS="1189" HPOS="932"/>
            <String HEIGHT="53" WIDTH="77" VPOS="1189" HPOS="894" CONTENT="B." ID="r2l39_5" STYLEREFS="FONT0"/>
            <SP HEIGHT="53" WIDTH="13" VPOS="1189" HPOS="971"/>
            <String HEIGHT="53" WIDTH="103" VPOS="1189" HPOS="932" CONTENT="de)," ID="r2l39_6" STYLEREFS="FONT0"/>
            <SP HEIGHT="53" WIDTH="13" VPOS="1189" HPOS="1035"/>
            <String HEIGHT="53" WIDTH="154" VPOS="1189" HPOS="997" CONTENT="seigneur" ID="r2l39_7" STYLEREFS="FONT0"/>
            <SP HEIGHT="53" WIDTH="13" VPOS="1189" HPOS="1151"/>
            <String HEIGHT="53" WIDTH="77" VPOS="1189" HPOS="1112" CONTENT="de" ID="r2l39_8" STYLEREFS="FONT0"/>
            <SP HEIGHT="53" WIDTH="13" VPOS="1189" HPOS="1190"/>
            <String HEIGHT="53" WIDTH="141" VPOS="1189" HPOS="1151" CONTENT="Launay," ID="r2l39_9" STYLEREFS="FONT0"/>
            <SP HEIGHT="53" WIDTH="13" VPOS="1189" HPOS="1292"/>
            <String HEIGHT="53" WIDTH="103" VPOS="1189" HPOS="1254" CONTENT="fils" ID="r2l39_10" STYLEREFS="FONT0"/>
            <SP HEIGHT="53" WIDTH="13" VPOS="1189" HPOS="1357"/>
            <String HEIGHT="53" WIDTH="77" VPOS="1189" HPOS="1318" CONTENT="du" ID="r2l39_11" STYLEREFS="FONT0"/>
            <SP HEIGHT="53" WIDTH="13" VPOS="1189" HPOS="1395"/>
            <String HEIGHT="53" WIDTH="180" VPOS="1189" HPOS="1357" CONTENT="précédent," ID="r2l39_12" STYLEREFS="FONT0"/>
            <SP HEIGHT="53" WIDTH="13" VPOS="1189" HPOS="1537"/>
            <String HEIGHT="53" WIDTH="103" VPOS="1189" HPOS="1485" CONTENT="surin" SUBS_TYPE="HypPart1" SUBS_CONTENT="surintendant" ID="r2l39_13" STYLEREFS="FONT0"/>
            <HYP CONTENT="-"/>
          </TextLine>
          <TextLine ID="r2l40" BASELINE="1277" HEIGHT="54" WIDTH="966" VPOS="1223" HPOS="619">
            <String HEIGHT="54" WIDTH="146" VPOS="1223" HPOS="606" CONTENT="tendant" SUBS_TYPE="HypPart2" SUBS_CONTENT="surintendant" ID="r2l40_1" STYLEREFS="FONT0"/>
            <SP HEIGHT="54" WIDTH="13" VPOS="1223" HPOS="751"/>
            <String HEIGHT="54" WIDTH="79" VPOS="1223" HPOS="712" CONTENT="de" ID="r2l40_2" STYLEREFS="FONT0"/>
            <SP HEIGHT="54" WIDTH="13" VPOS="1223" HPOS="791"/>
            <String HEIGHT="54" WIDTH="79" VPOS="1223" HPOS="751" CONTENT="la" ID="r2l40_3" STYLEREFS="FONT0"/>
            <SP HEIGHT="54" WIDTH="13" VPOS="1223" HPOS="831"/>
            <String HEIGHT="54" WIDTH="146" VPOS="1223" HPOS="791" CONTENT="musique" ID="r2l40_4" STYLEREFS="FONT0"/>
            <SP HEIGHT="54" WIDTH="13" VPOS="1223" HPOS="937"/>
            <String HEIGHT="54" WIDTH="79" VPOS="1223" HPOS="897" CONTENT="de" ID="r2l40_5" STYLEREFS="FONT0"/>
            <SP HEIGHT="54" WIDTH="13" VPOS="1223" HPOS="976"/>
            <String HEIGHT="54" WIDTH="79" VPOS="1223" HPOS="937" CONTENT="la" ID="r2l40_6" STYLEREFS="FONT0"/>
            <SP HEIGHT="54" WIDTH="13" VPOS="1223" HPOS="1016"/>
            <String HEIGHT="54" WIDTH="146" VPOS="1223" HPOS="976" CONTENT="chambre" ID="r2l40_7" STYLEREFS="FONT0"/>
            <SP HEIGHT="54" WIDTH="13" VPOS="1223" HPOS="1122"/>
            <String HEIGHT="54" WIDTH="79" VPOS="1223" HPOS="1082" CONTENT="du" ID="r2l40_8" STYLEREFS="FONT0"/>
            <SP HEIGHT="54" WIDTH="13" VPOS="1223" HPOS="1162"/>
            <String HEIGHT="54" WIDTH="106" VPOS="1223" HPOS="1122" CONTENT="Roi," ID="r2l40_9" STYLEREFS="FONT0"/>
            <SP HEIGHT="54" WIDTH="13" VPOS="1223" HPOS="1228"/>
            <String HEIGHT="54" WIDTH="132" VPOS="1223" HPOS="1188" CONTENT="auteur" ID="r2l40_10" STYLEREFS="FONT0"/>
            <SP HEIGHT="54" WIDTH="13" VPOS="1223" HPOS="1320"/>
            <String HEIGHT="54" WIDTH="79" VPOS="1223" HPOS="1281" CONTENT="du" ID="r2l40_11" STYLEREFS="FONT0"/>
            <SP HEIGHT="54" WIDTH="13" VPOS="1223" HPOS="1360"/>
            <String HEIGHT="54" WIDTH="132" VPOS="1223" HPOS="1320" CONTENT="ballet" ID="r2l40_12" STYLEREFS="FONT0"/>
            <SP HEIGHT="54" WIDTH="13" VPOS="1223" HPOS="1453"/>
            <String HEIGHT="54" WIDTH="185" VPOS="1223" HPOS="1400" CONTENT="d'Al" ID="r2l40_13" STYLEREFS="FONT2"/>
          </TextLine>
          <TextLine ID="r2l41" BASELINE="1312" HEIGHT="50" WIDTH="965" VPOS="1262" HPOS="622">
            <String HEIGHT="50" WIDTH="142" VPOS="1262" HPOS="609" CONTENT="phée" ID="r2l41_1" STYLEREFS="FONT2"/>
            <SP HEIGHT="50" WIDTH="13" VPOS="1262" HPOS="751"/>
            <String HEIGHT="50" WIDTH="77" VPOS="1262" HPOS="712" CONTENT="et" ID="r2l41_2" STYLEREFS="FONT2"/>
            <SP HEIGHT="50" WIDTH="13" VPOS="1262" HPOS="789"/>
            <String HEIGHT="50" WIDTH="219" VPOS="1262" HPOS="751" CONTENT="Aréthuse" ID="r2l41_3" STYLEREFS="FONT2"/>
            <SP HEIGHT="50" WIDTH="13" VPOS="1262" HPOS="969"/>
            <String HEIGHT="50" WIDTH="129" VPOS="1262" HPOS="931" CONTENT="Quitt." ID="r2l41_4" STYLEREFS="FONT0"/>
            <SP HEIGHT="50" WIDTH="13" VPOS="1262" HPOS="1059"/>
            <String HEIGHT="50" WIDTH="116" VPOS="1262" HPOS="1021" CONTENT="sigs," ID="r2l41_5" STYLEREFS="FONT0"/>
            <SP HEIGHT="50" WIDTH="13" VPOS="1262" HPOS="1137"/>
            <String HEIGHT="50" WIDTH="90" VPOS="1262" HPOS="1098" CONTENT="sur" ID="r2l41_6" STYLEREFS="FONT0"/>
            <SP HEIGHT="50" WIDTH="13" VPOS="1262" HPOS="1188"/>
            <String HEIGHT="50" WIDTH="129" VPOS="1262" HPOS="1150" CONTENT="vélin;" ID="r2l41_7" STYLEREFS="FONT0"/>
            <SP HEIGHT="50" WIDTH="13" VPOS="1262" HPOS="1278"/>
            <String HEIGHT="50" WIDTH="64" VPOS="1262" HPOS="1240" CONTENT="5" ID="r2l41_8" STYLEREFS="FONT0"/>
            <SP HEIGHT="50" WIDTH="13" VPOS="1262" HPOS="1304"/>
            <String HEIGHT="50" WIDTH="116" VPOS="1262" HPOS="1265" CONTENT="avril" ID="r2l41_9" STYLEREFS="FONT0"/>
            <SP HEIGHT="50" WIDTH="13" VPOS="1262" HPOS="1381"/>
            <String HEIGHT="50" WIDTH="116" VPOS="1262" HPOS="1343" CONTENT="1687," ID="r2l41_10" STYLEREFS="FONT0"/>
            <SP HEIGHT="50" WIDTH="13" VPOS="1262" HPOS="1458"/>
            <String HEIGHT="50" WIDTH="103" VPOS="1262" HPOS="1420" CONTENT="in-4" ID="r2l41_11" STYLEREFS="FONT0"/>
            <SP HEIGHT="50" WIDTH="13" VPOS="1262" HPOS="1523"/>
            <String HEIGHT="50" WIDTH="116" VPOS="1262" HPOS="1471" CONTENT="oblong." ID="r2l41_12" STYLEREFS="FONT0"/>
          </TextLine>
          <TextLine ID="r2l43" BASELINE="1322" HEIGHT="36" WIDTH="35" VPOS="1286" HPOS="1517">
            <String HEIGHT="36" WIDTH="58" VPOS="1286" HPOS="1505" CONTENT="5" ID="r2l43_1" STYLEREFS="FONT0"/>
            <SP HEIGHT="36" WIDTH="12" VPOS="1286" HPOS="1564"/>
            <String HEIGHT="36" WIDTH="35" VPOS="1286" HPOS="1517" CONTENT="»" ID="r2l43_2" STYLEREFS="FONT0"/>
          </TextLine>
          <TextLine ID="r2l47" BASELINE="1375" HEIGHT="55" WIDTH="689" VPOS="1320" HPOS="626">
            <String HEIGHT="55" WIDTH="78" VPOS="1320" HPOS="617" CONTENT="23644" ID="r2l47_1" STYLEREFS="FONT0"/>
            <SP HEIGHT="55" WIDTH="9" VPOS="1320" HPOS="696"/>
            <String HEIGHT="55" WIDTH="87" VPOS="1320" HPOS="670" CONTENT="BONALD" ID="r2l47_2" STYLEREFS="FONT0"/>
            <SP HEIGHT="55" WIDTH="9" VPOS="1320" HPOS="757"/>
            <String HEIGHT="55" WIDTH="61" VPOS="1320" HPOS="731" CONTENT="(le" ID="r2l47_3" STYLEREFS="FONT0"/>
            <SP HEIGHT="55" WIDTH="9" VPOS="1320" HPOS="792"/>
            <String HEIGHT="55" WIDTH="96" VPOS="1320" HPOS="766" CONTENT="vicomte" ID="r2l47_4" STYLEREFS="FONT0"/>
            <SP HEIGHT="55" WIDTH="9" VPOS="1320" HPOS="861"/>
            <String HEIGHT="55" WIDTH="70" VPOS="1320" HPOS="835" CONTENT="de)," ID="r2l47_5" STYLEREFS="FONT0"/>
            <SP HEIGHT="55" WIDTH="9" VPOS="1320" HPOS="905"/>
            <String HEIGHT="55" WIDTH="96" VPOS="1320" HPOS="879" CONTENT="célèbre" ID="r2l47_6" STYLEREFS="FONT0"/>
            <SP HEIGHT="55" WIDTH="9" VPOS="1320" HPOS="975"/>
            <String HEIGHT="55" WIDTH="113" VPOS="1320" HPOS="949" CONTENT="écrivain," ID="r2l47_7" STYLEREFS="FONT0"/>
            <SP HEIGHT="55" WIDTH="9" VPOS="1320" HPOS="1062"/>
            <String HEIGHT="55" WIDTH="52" VPOS="1320" HPOS="1036" CONTENT="de" ID="r2l47_8" STYLEREFS="FONT0"/>
            <SP HEIGHT="55" WIDTH="9" VPOS="1320" HPOS="1088"/>
            <String HEIGHT="55" WIDTH="96" VPOS="1320" HPOS="1062" CONTENT="l’Acad." ID="r2l47_9" STYLEREFS="FONT0"/>
            <SP HEIGHT="55" WIDTH="9" VPOS="1320" HPOS="1158"/>
            <String HEIGHT="55" WIDTH="61" VPOS="1320" HPOS="1132" CONTENT="fr." ID="r2l47_10" STYLEREFS="FONT0"/>
            <SP HEIGHT="55" WIDTH="9" VPOS="1320" HPOS="1193"/>
            <String HEIGHT="55" WIDTH="78" VPOS="1320" HPOS="1167" CONTENT="L." ID="r2l47_11" STYLEREFS="FONT2"/>
            <SP HEIGHT="55" WIDTH="9" VPOS="1320" HPOS="1245"/>
            <String HEIGHT="55" WIDTH="52" VPOS="1320" HPOS="1219" CONTENT="a." ID="r2l47_12" STYLEREFS="FONT2"/>
            <SP HEIGHT="55" WIDTH="9" VPOS="1320" HPOS="1271"/>
            <String HEIGHT="55" WIDTH="78" VPOS="1320" HPOS="1237" CONTENT="s." ID="r2l47_13" STYLEREFS="FONT2"/>
          </TextLine>
          <TextLine ID="r2l51" BASELINE="1411" HEIGHT="51" WIDTH="537" VPOS="1360" HPOS="622">
            <String HEIGHT="51" WIDTH="75" VPOS="1360" HPOS="610" CONTENT="22" ID="r2l51_1" STYLEREFS="FONT0"/>
            <SP HEIGHT="51" WIDTH="12" VPOS="1360" HPOS="684"/>
            <String HEIGHT="51" WIDTH="112" VPOS="1360" HPOS="647" CONTENT="sept." ID="r2l51_2" STYLEREFS="FONT0"/>
            <SP HEIGHT="51" WIDTH="12" VPOS="1360" HPOS="759"/>
            <String HEIGHT="51" WIDTH="112" VPOS="1360" HPOS="722" CONTENT="1821," ID="r2l51_3" STYLEREFS="FONT0"/>
            <SP HEIGHT="51" WIDTH="12" VPOS="1360" HPOS="834"/>
            <String HEIGHT="51" WIDTH="62" VPOS="1360" HPOS="797" CONTENT="1" ID="r2l51_4" STYLEREFS="FONT0"/>
            <SP HEIGHT="51" WIDTH="12" VPOS="1360" HPOS="859"/>
            <String HEIGHT="51" WIDTH="75" VPOS="1360" HPOS="822" CONTENT="p." ID="r2l51_5" STYLEREFS="FONT0"/>
            <SP HEIGHT="51" WIDTH="12" VPOS="1360" HPOS="897"/>
            <String HEIGHT="51" WIDTH="112" VPOS="1360" HPOS="859" CONTENT="in-4." ID="r2l51_6" STYLEREFS="FONT0"/>
            <SP HEIGHT="51" WIDTH="12" VPOS="1360" HPOS="972"/>
            <String HEIGHT="51" WIDTH="212" VPOS="1360" HPOS="934" CONTENT="Intéressante." ID="r2l51_7" STYLEREFS="FONT0"/>
            <SP HEIGHT="51" WIDTH="12" VPOS="1360" HPOS="1147"/>
            <String HEIGHT="51" WIDTH="62" VPOS="1360" HPOS="1109" CONTENT="3" ID="r2l51_8" STYLEREFS="FONT0"/>
            <SP HEIGHT="51" WIDTH="12" VPOS="1360" HPOS="1171"/>
            <String HEIGHT="51" WIDTH="37" VPOS="1360" HPOS="1122" CONTENT="»" ID="r2l51_9" STYLEREFS="FONT0"/>
          </TextLine>
          <TextLine ID="r2l56" BASELINE="1442" HEIGHT="54" WIDTH="390" VPOS="1388" HPOS="936">
            <String HEIGHT="54" WIDTH="46" VPOS="1388" HPOS="931" CONTENT="23645" ID="r2l56_1" STYLEREFS="FONT0"/>
            <SP HEIGHT="54" WIDTH="5" VPOS="1388" HPOS="977"/>
            <String HEIGHT="54" WIDTH="51" VPOS="1388" HPOS="961" CONTENT="BONALD" ID="r2l56_2" STYLEREFS="FONT0"/>
            <SP HEIGHT="54" WIDTH="5" VPOS="1388" HPOS="1012"/>
            <String HEIGHT="54" WIDTH="35" VPOS="1388" HPOS="997" CONTENT="(le" ID="r2l56_3" STYLEREFS="FONT0"/>
            <SP HEIGHT="54" WIDTH="5" VPOS="1388" HPOS="1032"/>
            <String HEIGHT="54" WIDTH="61" VPOS="1388" HPOS="1017" CONTENT="cardinal" ID="r2l56_4" STYLEREFS="FONT0"/>
            <SP HEIGHT="54" WIDTH="5" VPOS="1388" HPOS="1078"/>
            <String HEIGHT="54" WIDTH="41" VPOS="1388" HPOS="1063" CONTENT="de)," ID="r2l56_5" STYLEREFS="FONT0"/>
            <SP HEIGHT="54" WIDTH="5" VPOS="1388" HPOS="1103"/>
            <String HEIGHT="54" WIDTH="71" VPOS="1388" HPOS="1088" CONTENT="archevêque" ID="r2l56_6" STYLEREFS="FONT0"/>
            <SP HEIGHT="54" WIDTH="5" VPOS="1388" HPOS="1159"/>
            <String HEIGHT="54" WIDTH="30" VPOS="1388" HPOS="1144" CONTENT="et" ID="r2l56_7" STYLEREFS="FONT0"/>
            <SP HEIGHT="54" WIDTH="5" VPOS="1388" HPOS="1174"/>
            <String HEIGHT="54" WIDTH="51" VPOS="1388" HPOS="1159" CONTENT="primat" ID="r2l56_8" STYLEREFS="FONT0"/>
            <SP HEIGHT="54" WIDTH="5" VPOS="1388" HPOS="1210"/>
            <String HEIGHT="54" WIDTH="30" VPOS="1388" HPOS="1194" CONTENT="de" ID="r2l56_9" STYLEREFS="FONT0"/>
            <SP HEIGHT="54" WIDTH="5" VPOS="1388" HPOS="1225"/>
            <String HEIGHT="54" WIDTH="46" VPOS="1388" HPOS="1210" CONTENT="Lyon." ID="r2l56_10" STYLEREFS="FONT0"/>
            <SP HEIGHT="54" WIDTH="5" VPOS="1388" HPOS="1255"/>
            <String HEIGHT="54" WIDTH="46" VPOS="1388" HPOS="1240" CONTENT="P." ID="r2l56_11" STYLEREFS="FONT2"/>
            <SP HEIGHT="54" WIDTH="5" VPOS="1388" HPOS="1285"/>
            <String HEIGHT="54" WIDTH="30" VPOS="1388" HPOS="1270" CONTENT="a." ID="r2l56_12" STYLEREFS="FONT2"/>
            <SP HEIGHT="54" WIDTH="5" VPOS="1388" HPOS="1301"/>
            <String HEIGHT="54" WIDTH="46" VPOS="1388" HPOS="1280" CONTENT="s." ID="r2l56_13" STYLEREFS="FONT2"/>
          </TextLine>
          <TextLine ID="r2l60" BASELINE="1482" HEIGHT="47" WIDTH="283" VPOS="1435" HPOS="622">
            <String HEIGHT="47" WIDTH="58" VPOS="1435" HPOS="616" CONTENT="Lyon," ID="r2l60_1" STYLEREFS="FONT0"/>
            <SP HEIGHT="47" WIDTH="6" VPOS="1435" HPOS="673"/>
            <String HEIGHT="47" WIDTH="39" VPOS="1435" HPOS="654" CONTENT="22" ID="r2l60_2" STYLEREFS="FONT0"/>
            <SP HEIGHT="47" WIDTH="6" VPOS="1435" HPOS="693"/>
            <String HEIGHT="47" WIDTH="51" VPOS="1435" HPOS="673" CONTENT="déc." ID="r2l60_3" STYLEREFS="FONT0"/>
            <SP HEIGHT="47" WIDTH="6" VPOS="1435" HPOS="725"/>
            <String HEIGHT="47" WIDTH="58" VPOS="1435" HPOS="706" CONTENT="1848," ID="r2l60_4" STYLEREFS="FONT0"/>
            <SP HEIGHT="47" WIDTH="6" VPOS="1435" HPOS="764"/>
            <String HEIGHT="47" WIDTH="32" VPOS="1435" HPOS="744" CONTENT="1" ID="r2l60_5" STYLEREFS="FONT0"/>
            <SP HEIGHT="47" WIDTH="6" VPOS="1435" HPOS="776"/>
            <String HEIGHT="47" WIDTH="39" VPOS="1435" HPOS="757" CONTENT="p." ID="r2l60_6" STYLEREFS="FONT0"/>
            <SP HEIGHT="47" WIDTH="6" VPOS="1435" HPOS="796"/>
            <String HEIGHT="47" WIDTH="64" VPOS="1435" HPOS="776" CONTENT="in-8.," ID="r2l60_7" STYLEREFS="FONT0"/>
            <SP HEIGHT="47" WIDTH="6" VPOS="1435" HPOS="841"/>
            <String HEIGHT="47" WIDTH="71" VPOS="1435" HPOS="821" CONTENT="cachet." ID="r2l60_8" STYLEREFS="FONT0"/>
            <SP HEIGHT="47" WIDTH="6" VPOS="1435" HPOS="892"/>
            <String HEIGHT="47" WIDTH="32" VPOS="1435" HPOS="873" CONTENT="2" ID="r2l60_9" STYLEREFS="FONT0"/>
            <SP HEIGHT="47" WIDTH="6" VPOS="1435" HPOS="905"/>
            <String HEIGHT="47" WIDTH="26" VPOS="1435" HPOS="879" CONTENT="50" ID="r2l60_10" STYLEREFS="FONT0"/>
          </TextLine>
          <TextLine ID="r2l63" BASELINE="1523" HEIGHT="64" WIDTH="299" VPOS="1459" HPOS="917">
            <String HEIGHT="64" WIDTH="38" VPOS="1459" HPOS="913" CONTENT="23646" ID="r2l63_1" STYLEREFS="FONT0"/>
            <SP HEIGHT="64" WIDTH="4" VPOS="1459" HPOS="951"/>
            <String HEIGHT="64" WIDTH="55" VPOS="1459" HPOS="938" CONTENT="BOUFFLERS" ID="r2l63_2" STYLEREFS="FONT0"/>
            <SP HEIGHT="64" WIDTH="4" VPOS="1459" HPOS="993"/>
            <String HEIGHT="64" WIDTH="29" VPOS="1459" HPOS="980" CONTENT="(L." ID="r2l63_3" STYLEREFS="FONT0"/>
            <SP HEIGHT="64" WIDTH="4" VPOS="1459" HPOS="1010"/>
            <String HEIGHT="64" WIDTH="34" VPOS="1459" HPOS="997" CONTENT="Fr.," ID="r2l63_4" STYLEREFS="FONT0"/>
            <SP HEIGHT="64" WIDTH="4" VPOS="1459" HPOS="1031"/>
            <String HEIGHT="64" WIDTH="29" VPOS="1459" HPOS="1018" CONTENT="duc" ID="r2l63_5" STYLEREFS="FONT0"/>
            <SP HEIGHT="64" WIDTH="4" VPOS="1459" HPOS="1048"/>
            <String HEIGHT="64" WIDTH="34" VPOS="1459" HPOS="1035" CONTENT="de)," ID="r2l63_6" STYLEREFS="FONT0"/>
            <SP HEIGHT="64" WIDTH="4" VPOS="1459" HPOS="1069"/>
            <String HEIGHT="64" WIDTH="51" VPOS="1459" HPOS="1056" CONTENT="maréchal" ID="r2l63_7" STYLEREFS="FONT0"/>
            <SP HEIGHT="64" WIDTH="4" VPOS="1459" HPOS="1107"/>
            <String HEIGHT="64" WIDTH="25" VPOS="1459" HPOS="1094" CONTENT="de" ID="r2l63_8" STYLEREFS="FONT0"/>
            <SP HEIGHT="64" WIDTH="4" VPOS="1459" HPOS="1119"/>
            <String HEIGHT="64" WIDTH="46" VPOS="1459" HPOS="1107" CONTENT="France," ID="r2l63_9" STYLEREFS="FONT0"/>
            <SP HEIGHT="64" WIDTH="4" VPOS="1459" HPOS="1153"/>
            <String HEIGHT="64" WIDTH="59" VPOS="1459" HPOS="1140" CONTENT="l’héroique" ID="r2l63_10" STYLEREFS="FONT0"/>
            <SP HEIGHT="64" WIDTH="4" VPOS="1459" HPOS="1199"/>
            <String HEIGHT="64" WIDTH="34" VPOS="1459" HPOS="1182" CONTENT="défen" SUBS_TYPE="HypPart1" SUBS_CONTENT="défenseur" ID="r2l63_11" STYLEREFS="FONT0"/>
            <HYP CONTENT="-"/>
          </TextLine>
          <TextLine ID="r2l71" BASELINE="1557" HEIGHT="61" WIDTH="278" VPOS="1496" HPOS="636">
            <String HEIGHT="61" WIDTH="30" VPOS="1496" HPOS="632" CONTENT="seur" SUBS_TYPE="HypPart2" SUBS_CONTENT="défenseur" ID="r2l71_1" STYLEREFS="FONT0"/>
            <SP HEIGHT="61" WIDTH="4" VPOS="1496" HPOS="662"/>
            <String HEIGHT="61" WIDTH="23" VPOS="1496" HPOS="651" CONTENT="de" ID="r2l71_2" STYLEREFS="FONT0"/>
            <SP HEIGHT="61" WIDTH="4" VPOS="1496" HPOS="674"/>
            <String HEIGHT="61" WIDTH="38" VPOS="1496" HPOS="662" CONTENT="Lille." ID="r2l71_3" STYLEREFS="FONT0"/>
            <SP HEIGHT="61" WIDTH="4" VPOS="1496" HPOS="700"/>
            <String HEIGHT="61" WIDTH="34" VPOS="1496" HPOS="689" CONTENT="L." ID="r2l71_4" STYLEREFS="FONT2"/>
            <SP HEIGHT="61" WIDTH="4" VPOS="1496" HPOS="722"/>
            <String HEIGHT="61" WIDTH="41" VPOS="1496" HPOS="711" CONTENT="s." ID="r2l71_5" STYLEREFS="FONT2"/>
            <SP HEIGHT="61" WIDTH="4" VPOS="1496" HPOS="752"/>
            <String HEIGHT="61" WIDTH="30" VPOS="1496" HPOS="741" CONTENT="camp" ID="r2l71_6" STYLEREFS="FONT0"/>
            <SP HEIGHT="61" WIDTH="4" VPOS="1496" HPOS="771"/>
            <String HEIGHT="61" WIDTH="23" VPOS="1496" HPOS="760" CONTENT="de" ID="r2l71_7" STYLEREFS="FONT0"/>
            <SP HEIGHT="61" WIDTH="4" VPOS="1496" HPOS="783"/>
            <String HEIGHT="61" WIDTH="23" VPOS="1496" HPOS="771" CONTENT="La" ID="r2l71_8" STYLEREFS="FONT0"/>
            <SP HEIGHT="61" WIDTH="4" VPOS="1496" HPOS="794"/>
            <String HEIGHT="61" WIDTH="45" VPOS="1496" HPOS="783" CONTENT="Capelle," ID="r2l71_9" STYLEREFS="FONT0"/>
            <SP HEIGHT="61" WIDTH="4" VPOS="1496" HPOS="828"/>
            <String HEIGHT="61" WIDTH="23" VPOS="1496" HPOS="816" CONTENT="12" ID="r2l71_10" STYLEREFS="FONT0"/>
            <SP HEIGHT="61" WIDTH="4" VPOS="1496" HPOS="839"/>
            <String HEIGHT="61" WIDTH="30" VPOS="1496" HPOS="828" CONTENT="juin" ID="r2l71_11" STYLEREFS="FONT0"/>
            <SP HEIGHT="61" WIDTH="4" VPOS="1496" HPOS="858"/>
            <String HEIGHT="61" WIDTH="34" VPOS="1496" HPOS="846" CONTENT="1695," ID="r2l71_12" STYLEREFS="FONT0"/>
            <SP HEIGHT="61" WIDTH="4" VPOS="1496" HPOS="880"/>
            <String HEIGHT="61" WIDTH="26" VPOS="1496" HPOS="869" CONTENT="1/2" ID="r2l71_13" STYLEREFS="FONT0"/>
            <SP HEIGHT="61" WIDTH="4" VPOS="1496" HPOS="895"/>
            <String HEIGHT="61" WIDTH="23" VPOS="1496" HPOS="884" CONTENT="p." ID="r2l71_14" STYLEREFS="FONT0"/>
            <SP HEIGHT="61" WIDTH="4" VPOS="1496" HPOS="906"/>
            <String HEIGHT="61" WIDTH="23" VPOS="1496" HPOS="891" CONTENT="in" ID="r2l71_15" STYLEREFS="FONT0"/>
          </TextLine>
          <TextLine ID="r2l72" BASELINE="1572" HEIGHT="43" WIDTH="77" VPOS="1529" HPOS="1521">
            <String HEIGHT="43" WIDTH="128" VPOS="1529" HPOS="1495" CONTENT="3" ID="r2l72_1" STYLEREFS="FONT0"/>
            <SP HEIGHT="43" WIDTH="26" VPOS="1529" HPOS="1624"/>
            <String HEIGHT="43" WIDTH="77" VPOS="1529" HPOS="1521" CONTENT="»" ID="r2l72_2" STYLEREFS="FONT0"/>
          </TextLine>
          <TextLine ID="r2l79" BASELINE="1626" HEIGHT="60" WIDTH="308" VPOS="1566" HPOS="628">
            <String HEIGHT="60" WIDTH="42" VPOS="1566" HPOS="623" CONTENT="23647" ID="r2l79_1" STYLEREFS="FONT0"/>
            <SP HEIGHT="60" WIDTH="5" VPOS="1566" HPOS="665"/>
            <String HEIGHT="60" WIDTH="65" VPOS="1566" HPOS="651" CONTENT="BOURDIELON" ID="r2l79_2" STYLEREFS="FONT0"/>
            <SP HEIGHT="60" WIDTH="5" VPOS="1566" HPOS="717"/>
            <String HEIGHT="60" WIDTH="51" VPOS="1566" HPOS="703" CONTENT="(IMBERT" ID="r2l79_3" STYLEREFS="FONT0"/>
            <SP HEIGHT="60" WIDTH="5" VPOS="1566" HPOS="754"/>
            <String HEIGHT="60" WIDTH="28" VPOS="1566" HPOS="740" CONTENT="DE" ID="r2l79_4" STYLEREFS="FONT0"/>
            <SP HEIGHT="60" WIDTH="5" VPOS="1566" HPOS="768"/>
            <String HEIGHT="60" WIDTH="28" VPOS="1566" HPOS="754" CONTENT="LA" ID="r2l79_5" STYLEREFS="FONT0"/>
            <SP HEIGHT="60" WIDTH="5" VPOS="1566" HPOS="782"/>
            <String HEIGHT="60" WIDTH="61" VPOS="1566" HPOS="768" CONTENT="PLATIÈRE," ID="r2l79_6" STYLEREFS="FONT0"/>
            <SP HEIGHT="60" WIDTH="5" VPOS="1566" HPOS="829"/>
            <String HEIGHT="60" WIDTH="56" VPOS="1566" HPOS="815" CONTENT="seigneur" ID="r2l79_7" STYLEREFS="FONT0"/>
            <SP HEIGHT="60" WIDTH="5" VPOS="1566" HPOS="871"/>
            <String HEIGHT="60" WIDTH="37" VPOS="1566" HPOS="857" CONTENT="de)," ID="r2l79_8" STYLEREFS="FONT0"/>
            <SP HEIGHT="60" WIDTH="5" VPOS="1566" HPOS="894"/>
            <String HEIGHT="60" WIDTH="56" VPOS="1566" HPOS="880" CONTENT="maréchal" ID="r2l79_9" STYLEREFS="FONT0"/>
            <SP HEIGHT="60" WIDTH="5" VPOS="1566" HPOS="936"/>
            <String HEIGHT="60" WIDTH="19" VPOS="1566" HPOS="917" CONTENT="de" ID="r2l79_10" STYLEREFS="FONT0"/>
          </TextLine>
          <TextLine ID="r2l81" BASELINE="1652" HEIGHT="48" WIDTH="582" VPOS="1604" HPOS="630">
            <String HEIGHT="48" WIDTH="81" VPOS="1604" HPOS="623" CONTENT="France," ID="r2l81_1" STYLEREFS="FONT0"/>
            <SP HEIGHT="48" WIDTH="7" VPOS="1604" HPOS="704"/>
            <String HEIGHT="48" WIDTH="44" VPOS="1604" HPOS="682" CONTENT="un" ID="r2l81_2" STYLEREFS="FONT0"/>
            <SP HEIGHT="48" WIDTH="7" VPOS="1604" HPOS="726"/>
            <String HEIGHT="48" WIDTH="52" VPOS="1604" HPOS="704" CONTENT="des" ID="r2l81_3" STYLEREFS="FONT0"/>
            <SP HEIGHT="48" WIDTH="7" VPOS="1604" HPOS="755"/>
            <String HEIGHT="48" WIDTH="59" VPOS="1604" HPOS="733" CONTENT="plus" ID="r2l81_4" STYLEREFS="FONT0"/>
            <SP HEIGHT="48" WIDTH="7" VPOS="1604" HPOS="792"/>
            <String HEIGHT="48" WIDTH="96" VPOS="1604" HPOS="770" CONTENT="illustres" ID="r2l81_5" STYLEREFS="FONT0"/>
            <SP HEIGHT="48" WIDTH="7" VPOS="1604" HPOS="866"/>
            <String HEIGHT="48" WIDTH="103" VPOS="1604" HPOS="844" CONTENT="capitaines" ID="r2l81_6" STYLEREFS="FONT0"/>
            <SP HEIGHT="48" WIDTH="7" VPOS="1604" HPOS="947"/>
            <String HEIGHT="48" WIDTH="44" VPOS="1604" HPOS="925" CONTENT="du" ID="r2l81_7" STYLEREFS="FONT0"/>
            <SP HEIGHT="48" WIDTH="7" VPOS="1604" HPOS="969"/>
            <String HEIGHT="48" WIDTH="88" VPOS="1604" HPOS="947" CONTENT="seizième" ID="r2l81_8" STYLEREFS="FONT0"/>
            <SP HEIGHT="48" WIDTH="7" VPOS="1604" HPOS="1035"/>
            <String HEIGHT="48" WIDTH="81" VPOS="1604" HPOS="1013" CONTENT="siècle." ID="r2l81_9" STYLEREFS="FONT0"/>
            <SP HEIGHT="48" WIDTH="7" VPOS="1604" HPOS="1094"/>
            <String HEIGHT="48" WIDTH="66" VPOS="1604" HPOS="1072" CONTENT="L." ID="r2l81_10" STYLEREFS="FONT2"/>
            <SP HEIGHT="48" WIDTH="7" VPOS="1604" HPOS="1138"/>
            <String HEIGHT="48" WIDTH="81" VPOS="1604" HPOS="1116" CONTENT="s." ID="r2l81_11" STYLEREFS="FONT2"/>
            <SP HEIGHT="48" WIDTH="7" VPOS="1604" HPOS="1197"/>
            <String HEIGHT="48" WIDTH="44" VPOS="1604" HPOS="1168" CONTENT="avec" ID="r2l81_12" STYLEREFS="FONT0"/>
          </TextLine>
          <TextLine ID="r2l83" BASELINE="1681" HEIGHT="41" WIDTH="808" VPOS="1640" HPOS="624">
            <String HEIGHT="41" WIDTH="70" VPOS="1640" HPOS="612" CONTENT="la" ID="r2l83_1" STYLEREFS="FONT0"/>
            <SP HEIGHT="41" WIDTH="12" VPOS="1640" HPOS="683"/>
            <String HEIGHT="41" WIDTH="164" VPOS="1640" HPOS="647" CONTENT="souscript." ID="r2l83_2" STYLEREFS="FONT0"/>
            <SP HEIGHT="41" WIDTH="12" VPOS="1640" HPOS="811"/>
            <String HEIGHT="41" WIDTH="105" VPOS="1640" HPOS="776" CONTENT="aut.," ID="r2l83_3" STYLEREFS="FONT0"/>
            <SP HEIGHT="41" WIDTH="12" VPOS="1640" HPOS="882"/>
            <String HEIGHT="41" WIDTH="59" VPOS="1640" HPOS="846" CONTENT="à" ID="r2l83_4" STYLEREFS="FONT0"/>
            <SP HEIGHT="41" WIDTH="12" VPOS="1640" HPOS="905"/>
            <String HEIGHT="41" WIDTH="70" VPOS="1640" HPOS="870" CONTENT="la" ID="r2l83_5" STYLEREFS="FONT0"/>
            <SP HEIGHT="41" WIDTH="12" VPOS="1640" HPOS="940"/>
            <String HEIGHT="41" WIDTH="141" VPOS="1640" HPOS="905" CONTENT="duchesse" ID="r2l83_6" STYLEREFS="FONT0"/>
            <SP HEIGHT="41" WIDTH="12" VPOS="1640" HPOS="1046"/>
            <String HEIGHT="41" WIDTH="70" VPOS="1640" HPOS="1010" CONTENT="de" ID="r2l83_7" STYLEREFS="FONT0"/>
            <SP HEIGHT="41" WIDTH="12" VPOS="1640" HPOS="1081"/>
            <String HEIGHT="41" WIDTH="141" VPOS="1640" HPOS="1046" CONTENT="Mantoue;" ID="r2l83_8" STYLEREFS="FONT0"/>
            <SP HEIGHT="41" WIDTH="12" VPOS="1640" HPOS="1186"/>
            <String HEIGHT="41" WIDTH="117" VPOS="1640" HPOS="1151" CONTENT="Turin," ID="r2l83_9" STYLEREFS="FONT0"/>
            <SP HEIGHT="41" WIDTH="12" VPOS="1640" HPOS="1268"/>
            <String HEIGHT="41" WIDTH="82" VPOS="1640" HPOS="1233" CONTENT="13." ID="r2l83_10" STYLEREFS="FONT0"/>
            <SP HEIGHT="41" WIDTH="12" VPOS="1640" HPOS="1315"/>
            <String HEIGHT="41" WIDTH="117" VPOS="1640" HPOS="1280" CONTENT="juill." ID="r2l83_11" STYLEREFS="FONT0"/>
            <SP HEIGHT="41" WIDTH="12" VPOS="1640" HPOS="1397"/>
            <String HEIGHT="41" WIDTH="82" VPOS="1640" HPOS="1350" CONTENT="1561," ID="r2l83_12" STYLEREFS="FONT0"/>
          </TextLine>
          <TextLine ID="r2l87" BASELINE="1724" HEIGHT="48" WIDTH="311" VPOS="1676" HPOS="629">
            <String HEIGHT="48" WIDTH="26" VPOS="1676" HPOS="624" CONTENT="1" ID="r2l87_1" STYLEREFS="FONT0"/>
            <SP HEIGHT="48" WIDTH="5" VPOS="1676" HPOS="650"/>
            <String HEIGHT="48" WIDTH="31" VPOS="1676" HPOS="634" CONTENT="p." ID="r2l87_2" STYLEREFS="FONT0"/>
            <SP HEIGHT="48" WIDTH="5" VPOS="1676" HPOS="665"/>
            <String HEIGHT="48" WIDTH="36" VPOS="1676" HPOS="650" CONTENT="pl." ID="r2l87_3" STYLEREFS="FONT0"/>
            <SP HEIGHT="48" WIDTH="5" VPOS="1676" HPOS="686"/>
            <String HEIGHT="48" WIDTH="62" VPOS="1676" HPOS="670" CONTENT="in-fol.," ID="r2l87_4" STYLEREFS="FONT0"/>
            <SP HEIGHT="48" WIDTH="5" VPOS="1676" HPOS="733"/>
            <String HEIGHT="48" WIDTH="57" VPOS="1676" HPOS="717" CONTENT="cachet." ID="r2l87_5" STYLEREFS="FONT0"/>
            <SP HEIGHT="48" WIDTH="5" VPOS="1676" HPOS="774"/>
            <String HEIGHT="48" WIDTH="47" VPOS="1676" HPOS="759" CONTENT="Belle" ID="r2l87_6" STYLEREFS="FONT0"/>
            <SP HEIGHT="48" WIDTH="5" VPOS="1676" HPOS="805"/>
            <String HEIGHT="48" WIDTH="31" VPOS="1676" HPOS="790" CONTENT="et" ID="r2l87_7" STYLEREFS="FONT0"/>
            <SP HEIGHT="48" WIDTH="5" VPOS="1676" HPOS="821"/>
            <String HEIGHT="48" WIDTH="83" VPOS="1676" HPOS="805" CONTENT="intéressante" ID="r2l87_8" STYLEREFS="FONT0"/>
            <SP HEIGHT="48" WIDTH="5" VPOS="1676" HPOS="888"/>
            <String HEIGHT="48" WIDTH="57" VPOS="1676" HPOS="873" CONTENT="lettre." ID="r2l87_9" STYLEREFS="FONT0"/>
            <SP HEIGHT="48" WIDTH="5" VPOS="1676" HPOS="930"/>
            <String HEIGHT="48" WIDTH="26" VPOS="1676" HPOS="914" CONTENT="5" ID="r2l87_10" STYLEREFS="FONT0"/>
            <SP HEIGHT="48" WIDTH="5" VPOS="1676" HPOS="940"/>
            <String HEIGHT="48" WIDTH="21" VPOS="1676" HPOS="919" CONTENT="50" ID="r2l87_11" STYLEREFS="FONT0"/>
          </TextLine>
          <TextLine ID="r2l88" BASELINE="1761" HEIGHT="67" WIDTH="369" VPOS="1694" HPOS="1234">
            <String HEIGHT="67" WIDTH="46" VPOS="1694" HPOS="1229" CONTENT="23648" ID="r2l88_1" STYLEREFS="FONT0"/>
            <SP HEIGHT="67" WIDTH="5" VPOS="1694" HPOS="1275"/>
            <String HEIGHT="67" WIDTH="51" VPOS="1694" HPOS="1260" CONTENT="BUCHEZ" ID="r2l88_2" STYLEREFS="FONT0"/>
            <SP HEIGHT="67" WIDTH="5" VPOS="1694" HPOS="1311"/>
            <String HEIGHT="67" WIDTH="41" VPOS="1694" HPOS="1296" CONTENT="(Ph." ID="r2l88_3" STYLEREFS="FONT0"/>
            <SP HEIGHT="67" WIDTH="5" VPOS="1694" HPOS="1337"/>
            <String HEIGHT="67" WIDTH="41" VPOS="1694" HPOS="1321" CONTENT="Jos." ID="r2l88_4" STYLEREFS="FONT0"/>
            <SP HEIGHT="67" WIDTH="5" VPOS="1694" HPOS="1362"/>
            <String HEIGHT="67" WIDTH="41" VPOS="1694" HPOS="1347" CONTENT="B.)," ID="r2l88_5" STYLEREFS="FONT0"/>
            <SP HEIGHT="67" WIDTH="5" VPOS="1694" HPOS="1388"/>
            <String HEIGHT="67" WIDTH="51" VPOS="1694" HPOS="1372" CONTENT="savant" ID="r2l88_6" STYLEREFS="FONT0"/>
            <SP HEIGHT="67" WIDTH="5" VPOS="1694" HPOS="1424"/>
            <String HEIGHT="67" WIDTH="56" VPOS="1694" HPOS="1408" CONTENT="médecin" ID="r2l88_7" STYLEREFS="FONT0"/>
            <SP HEIGHT="67" WIDTH="5" VPOS="1694" HPOS="1465"/>
            <String HEIGHT="67" WIDTH="31" VPOS="1694" HPOS="1449" CONTENT="et" ID="r2l88_8" STYLEREFS="FONT0"/>
            <SP HEIGHT="67" WIDTH="5" VPOS="1694" HPOS="1480"/>
            <String HEIGHT="67" WIDTH="77" VPOS="1694" HPOS="1465" CONTENT="publiciste," ID="r2l88_9" STYLEREFS="FONT0"/>
            <SP HEIGHT="67" WIDTH="5" VPOS="1694" HPOS="1542"/>
            <String HEIGHT="67" WIDTH="31" VPOS="1694" HPOS="1526" CONTENT="un" ID="r2l88_10" STYLEREFS="FONT0"/>
            <SP HEIGHT="67" WIDTH="5" VPOS="1694" HPOS="1557"/>
            <String HEIGHT="67" WIDTH="36" VPOS="1694" HPOS="1542" CONTENT="des" ID="r2l88_11" STYLEREFS="FONT0"/>
            <SP HEIGHT="67" WIDTH="5" VPOS="1694" HPOS="1577"/>
            <String HEIGHT="67" WIDTH="46" VPOS="1694" HPOS="1557" CONTENT="auteurs" ID="r2l88_12" STYLEREFS="FONT0"/>
          </TextLine>
          <TextLine ID="r2l94" BASELINE="1788" HEIGHT="64" WIDTH="604" VPOS="1724" HPOS="633">
            <String HEIGHT="64" WIDTH="46" VPOS="1724" HPOS="625" CONTENT="de" ID="r2l94_1" STYLEREFS="FONT0"/>
            <SP HEIGHT="64" WIDTH="8" VPOS="1724" HPOS="672"/>
            <String HEIGHT="64" WIDTH="132" VPOS="1724" HPOS="648" CONTENT="l'Histoire" ID="r2l94_2" STYLEREFS="FONT2"/>
            <SP HEIGHT="64" WIDTH="8" VPOS="1724" HPOS="780"/>
            <String HEIGHT="64" WIDTH="132" VPOS="1724" HPOS="757" CONTENT="parlementairé" ID="r2l94_3" STYLEREFS="FONT2"/>
            <SP HEIGHT="64" WIDTH="8" VPOS="1724" HPOS="889"/>
            <String HEIGHT="64" WIDTH="46" VPOS="1724" HPOS="865" CONTENT="de" ID="r2l94_4" STYLEREFS="FONT2"/>
            <SP HEIGHT="64" WIDTH="8" VPOS="1724" HPOS="912"/>
            <String HEIGHT="64" WIDTH="46" VPOS="1724" HPOS="889" CONTENT="la" ID="r2l94_5" STYLEREFS="FONT2"/>
            <SP HEIGHT="64" WIDTH="8" VPOS="1724" HPOS="935"/>
            <String HEIGHT="64" WIDTH="108" VPOS="1724" HPOS="912" CONTENT="Révolution" ID="r2l94_6" STYLEREFS="FONT2"/>
            <SP HEIGHT="64" WIDTH="8" VPOS="1724" HPOS="1020"/>
            <String HEIGHT="64" WIDTH="108" VPOS="1724" HPOS="997" CONTENT="française." ID="r2l94_7" STYLEREFS="FONT2"/>
            <SP HEIGHT="64" WIDTH="8" VPOS="1724" HPOS="1105"/>
            <String HEIGHT="64" WIDTH="46" VPOS="1724" HPOS="1082" CONTENT="L." ID="r2l94_8" STYLEREFS="FONT2"/>
            <SP HEIGHT="64" WIDTH="8" VPOS="1724" HPOS="1129"/>
            <String HEIGHT="64" WIDTH="46" VPOS="1724" HPOS="1105" CONTENT="a." ID="r2l94_9" STYLEREFS="FONT2"/>
            <SP HEIGHT="64" WIDTH="8" VPOS="1724" HPOS="1152"/>
            <String HEIGHT="64" WIDTH="77" VPOS="1724" HPOS="1129" CONTENT="s." ID="r2l94_10" STYLEREFS="FONT2"/>
            <SP HEIGHT="64" WIDTH="8" VPOS="1724" HPOS="1206"/>
            <String HEIGHT="64" WIDTH="39" VPOS="1724" HPOS="1183" CONTENT="à" ID="r2l94_11" STYLEREFS="FONT0"/>
            <SP HEIGHT="64" WIDTH="8" VPOS="1724" HPOS="1222"/>
            <String HEIGHT="64" WIDTH="46" VPOS="1724" HPOS="1191" CONTENT="Mar" SUBS_TYPE="HypPart1" SUBS_CONTENT="Martinez" ID="r2l94_12" STYLEREFS="FONT0"/>
            <HYP CONTENT="-"/>
          </TextLine>
          <TextLine ID="r2l97" BASELINE="1834" HEIGHT="60" WIDTH="606" VPOS="1774" HPOS="625">
            <String HEIGHT="60" WIDTH="99" VPOS="1774" HPOS="614" CONTENT="tinez" SUBS_TYPE="HypPart2" SUBS_CONTENT="Martinez" ID="r2l97_1" STYLEREFS="FONT0"/>
            <SP HEIGHT="60" WIDTH="11" VPOS="1774" HPOS="713"/>
            <String HEIGHT="60" WIDTH="66" VPOS="1774" HPOS="680" CONTENT="de" ID="r2l97_2" STYLEREFS="FONT0"/>
            <SP HEIGHT="60" WIDTH="11" VPOS="1774" HPOS="746"/>
            <String HEIGHT="60" WIDTH="66" VPOS="1774" HPOS="713" CONTENT="la" ID="r2l97_3" STYLEREFS="FONT0"/>
            <SP HEIGHT="60" WIDTH="11" VPOS="1774" HPOS="779"/>
            <String HEIGHT="60" WIDTH="99" VPOS="1774" HPOS="746" CONTENT="Rosa," ID="r2l97_4" STYLEREFS="FONT0"/>
            <SP HEIGHT="60" WIDTH="11" VPOS="1774" HPOS="845"/>
            <String HEIGHT="60" WIDTH="55" VPOS="1774" HPOS="812" CONTENT="1" ID="r2l97_5" STYLEREFS="FONT0"/>
            <SP HEIGHT="60" WIDTH="11" VPOS="1774" HPOS="867"/>
            <String HEIGHT="60" WIDTH="66" VPOS="1774" HPOS="834" CONTENT="p." ID="r2l97_6" STYLEREFS="FONT0"/>
            <SP HEIGHT="60" WIDTH="11" VPOS="1774" HPOS="900"/>
            <String HEIGHT="60" WIDTH="77" VPOS="1774" HPOS="867" CONTENT="1/2" ID="r2l97_7" STYLEREFS="FONT0"/>
            <SP HEIGHT="60" WIDTH="11" VPOS="1774" HPOS="945"/>
            <String HEIGHT="60" WIDTH="99" VPOS="1774" HPOS="911" CONTENT="in-4." ID="r2l97_8" STYLEREFS="FONT0"/>
            <SP HEIGHT="60" WIDTH="11" VPOS="1774" HPOS="1011"/>
            <String HEIGHT="60" WIDTH="154" VPOS="1774" HPOS="978" CONTENT="Très-belle" ID="r2l97_9" STYLEREFS="FONT0"/>
            <SP HEIGHT="60" WIDTH="11" VPOS="1774" HPOS="1132"/>
            <String HEIGHT="60" WIDTH="121" VPOS="1774" HPOS="1099" CONTENT="lettre." ID="r2l97_10" STYLEREFS="FONT0"/>
            <SP HEIGHT="60" WIDTH="11" VPOS="1774" HPOS="1220"/>
            <String HEIGHT="60" WIDTH="55" VPOS="1774" HPOS="1187" CONTENT="3" ID="r2l97_11" STYLEREFS="FONT0"/>
            <SP HEIGHT="60" WIDTH="11" VPOS="1774" HPOS="1242"/>
            <String HEIGHT="60" WIDTH="33" VPOS="1774" HPOS="1198" CONTENT="»" ID="r2l97_12" STYLEREFS="FONT0"/>
          </TextLine>
          <TextLine ID="r2l102" BASELINE="1861" HEIGHT="50" WIDTH="611" VPOS="1811" HPOS="633">
            <String HEIGHT="50" WIDTH="77" VPOS="1811" HPOS="624" CONTENT="23649" ID="r2l102_1" STYLEREFS="FONT0"/>
            <SP HEIGHT="50" WIDTH="9" VPOS="1811" HPOS="702"/>
            <String HEIGHT="50" WIDTH="86" VPOS="1811" HPOS="676" CONTENT="BUFFON" ID="r2l102_2" STYLEREFS="FONT0"/>
            <SP HEIGHT="50" WIDTH="9" VPOS="1811" HPOS="762"/>
            <String HEIGHT="50" WIDTH="60" VPOS="1811" HPOS="736" CONTENT="(le" ID="r2l102_3" STYLEREFS="FONT0"/>
            <SP HEIGHT="50" WIDTH="9" VPOS="1811" HPOS="797"/>
            <String HEIGHT="50" WIDTH="77" VPOS="1811" HPOS="771" CONTENT="comte" ID="r2l102_4" STYLEREFS="FONT0"/>
            <SP HEIGHT="50" WIDTH="9" VPOS="1811" HPOS="848"/>
            <String HEIGHT="50" WIDTH="69" VPOS="1811" HPOS="822" CONTENT="de)," ID="r2l102_5" STYLEREFS="FONT0"/>
            <SP HEIGHT="50" WIDTH="9" VPOS="1811" HPOS="891"/>
            <String HEIGHT="50" WIDTH="103" VPOS="1811" HPOS="865" CONTENT="illustre" ID="r2l102_6" STYLEREFS="FONT0"/>
            <SP HEIGHT="50" WIDTH="9" VPOS="1811" HPOS="969"/>
            <String HEIGHT="50" WIDTH="129" VPOS="1811" HPOS="943" CONTENT="naturaliste" ID="r2l102_7" STYLEREFS="FONT0"/>
            <SP HEIGHT="50" WIDTH="9" VPOS="1811" HPOS="1072"/>
            <String HEIGHT="50" WIDTH="52" VPOS="1811" HPOS="1046" CONTENT="et" ID="r2l102_8" STYLEREFS="FONT0"/>
            <SP HEIGHT="50" WIDTH="9" VPOS="1811" HPOS="1098"/>
            <String HEIGHT="50" WIDTH="112" VPOS="1811" HPOS="1072" CONTENT="écrivain," ID="r2l102_9" STYLEREFS="FONT0"/>
            <SP HEIGHT="50" WIDTH="9" VPOS="1811" HPOS="1184"/>
            <String HEIGHT="50" WIDTH="86" VPOS="1811" HPOS="1158" CONTENT="membre" ID="r2l102_10" STYLEREFS="FONT0"/>
            <SP HEIGHT="50" WIDTH="9" VPOS="1811" HPOS="1244"/>
            <String HEIGHT="50" WIDTH="34" VPOS="1811" HPOS="1210" CONTENT="de" ID="r2l102_11" STYLEREFS="FONT0"/>
          </TextLine>
          <TextLine ID="r2l104" BASELINE="1911" HEIGHT="61" WIDTH="821" VPOS="1850" HPOS="628">
            <String HEIGHT="61" WIDTH="120" VPOS="1850" HPOS="617" CONTENT="l’Acad." ID="r2l104_1" STYLEREFS="FONT0"/>
            <SP HEIGHT="61" WIDTH="11" VPOS="1850" HPOS="737"/>
            <String HEIGHT="61" WIDTH="77" VPOS="1850" HPOS="705" CONTENT="fr." ID="r2l104_2" STYLEREFS="FONT0"/>
            <SP HEIGHT="61" WIDTH="11" VPOS="1850" HPOS="781"/>
            <String HEIGHT="61" WIDTH="99" VPOS="1850" HPOS="748" CONTENT="L." ID="r2l104_3" STYLEREFS="FONT2"/>
            <SP HEIGHT="61" WIDTH="11" VPOS="1850" HPOS="847"/>
            <String HEIGHT="61" WIDTH="66" VPOS="1850" HPOS="814" CONTENT="a." ID="r2l104_4" STYLEREFS="FONT2"/>
            <SP HEIGHT="61" WIDTH="11" VPOS="1850" HPOS="880"/>
            <String HEIGHT="61" WIDTH="109" VPOS="1850" HPOS="847" CONTENT="s." ID="r2l104_5" STYLEREFS="FONT2"/>
            <SP HEIGHT="61" WIDTH="11" VPOS="1850" HPOS="956"/>
            <String HEIGHT="61" WIDTH="55" VPOS="1850" HPOS="924" CONTENT="à" ID="r2l104_6" STYLEREFS="FONT0"/>
            <SP HEIGHT="61" WIDTH="11" VPOS="1850" HPOS="978"/>
            <String HEIGHT="61" WIDTH="99" VPOS="1850" HPOS="945" CONTENT="M...;" ID="r2l104_7" STYLEREFS="FONT0"/>
            <SP HEIGHT="61" WIDTH="11" VPOS="1850" HPOS="1044"/>
            <String HEIGHT="61" WIDTH="109" VPOS="1850" HPOS="1011" CONTENT="jardin" ID="r2l104_8" STYLEREFS="FONT0"/>
            <SP HEIGHT="61" WIDTH="11" VPOS="1850" HPOS="1121"/>
            <String HEIGHT="61" WIDTH="66" VPOS="1850" HPOS="1088" CONTENT="du" ID="r2l104_9" STYLEREFS="FONT0"/>
            <SP HEIGHT="61" WIDTH="11" VPOS="1850" HPOS="1153"/>
            <String HEIGHT="61" WIDTH="88" VPOS="1850" HPOS="1121" CONTENT="roi," ID="r2l104_10" STYLEREFS="FONT0"/>
            <SP HEIGHT="61" WIDTH="11" VPOS="1850" HPOS="1208"/>
            <String HEIGHT="61" WIDTH="66" VPOS="1850" HPOS="1175" CONTENT="14" ID="r2l104_11" STYLEREFS="FONT0"/>
            <SP HEIGHT="61" WIDTH="11" VPOS="1850" HPOS="1241"/>
            <String HEIGHT="61" WIDTH="88" VPOS="1850" HPOS="1208" CONTENT="nov." ID="r2l104_12" STYLEREFS="FONT0"/>
            <SP HEIGHT="61" WIDTH="11" VPOS="1850" HPOS="1296"/>
            <String HEIGHT="61" WIDTH="99" VPOS="1850" HPOS="1263" CONTENT="1782," ID="r2l104_13" STYLEREFS="FONT0"/>
            <SP HEIGHT="61" WIDTH="11" VPOS="1850" HPOS="1361"/>
            <String HEIGHT="61" WIDTH="55" VPOS="1850" HPOS="1329" CONTENT="4" ID="r2l104_14" STYLEREFS="FONT0"/>
            <SP HEIGHT="61" WIDTH="11" VPOS="1850" HPOS="1383"/>
            <String HEIGHT="61" WIDTH="66" VPOS="1850" HPOS="1350" CONTENT="p." ID="r2l104_15" STYLEREFS="FONT0"/>
            <SP HEIGHT="61" WIDTH="11" VPOS="1850" HPOS="1416"/>
            <String HEIGHT="61" WIDTH="77" VPOS="1850" HPOS="1372" CONTENT="in" ID="r2l104_16" STYLEREFS="FONT0"/>
          </TextLine>
          <TextLine ID="r2l105" BASELINE="1929" HEIGHT="48" WIDTH="82" VPOS="1881" HPOS="1513">
            <String HEIGHT="48" WIDTH="123" VPOS="1881" HPOS="1493" CONTENT="80" ID="r2l105_1" STYLEREFS="FONT0"/>
            <SP HEIGHT="48" WIDTH="21" VPOS="1881" HPOS="1616"/>
            <String HEIGHT="48" WIDTH="62" VPOS="1881" HPOS="1534" CONTENT="»" ID="r2l105_2" STYLEREFS="FONT0"/>
          </TextLine>
          <TextLine ID="r2l110" BASELINE="1973" HEIGHT="54" WIDTH="934" VPOS="1919" HPOS="668">
            <String HEIGHT="54" WIDTH="143" VPOS="1919" HPOS="655" CONTENT="Superbe" ID="r2l110_1" STYLEREFS="FONT0"/>
            <SP HEIGHT="54" WIDTH="13" VPOS="1919" HPOS="798"/>
            <String HEIGHT="54" WIDTH="143" VPOS="1919" HPOS="759" CONTENT="lettre," ID="r2l110_2" STYLEREFS="FONT0"/>
            <SP HEIGHT="54" WIDTH="13" VPOS="1919" HPOS="902"/>
            <String HEIGHT="54" WIDTH="78" VPOS="1919" HPOS="863" CONTENT="où" ID="r2l110_3" STYLEREFS="FONT0"/>
            <SP HEIGHT="54" WIDTH="13" VPOS="1919" HPOS="940"/>
            <String HEIGHT="54" WIDTH="78" VPOS="1919" HPOS="902" CONTENT="il" ID="r2l110_4" STYLEREFS="FONT0"/>
            <SP HEIGHT="54" WIDTH="13" VPOS="1919" HPOS="979"/>
            <String HEIGHT="54" WIDTH="117" VPOS="1919" HPOS="940" CONTENT="parle" ID="r2l110_5" STYLEREFS="FONT0"/>
            <SP HEIGHT="54" WIDTH="13" VPOS="1919" HPOS="1057"/>
            <String HEIGHT="54" WIDTH="91" VPOS="1919" HPOS="1018" CONTENT="des" ID="r2l110_6" STYLEREFS="FONT0"/>
            <SP HEIGHT="54" WIDTH="13" VPOS="1919" HPOS="1109"/>
            <String HEIGHT="54" WIDTH="143" VPOS="1919" HPOS="1070" CONTENT="avances" ID="r2l110_7" STYLEREFS="FONT0"/>
            <SP HEIGHT="54" WIDTH="13" VPOS="1919" HPOS="1213"/>
            <String HEIGHT="54" WIDTH="130" VPOS="1919" HPOS="1174" CONTENT="qu’il," ID="r2l110_8" STYLEREFS="FONT0"/>
            <SP HEIGHT="54" WIDTH="13" VPOS="1919" HPOS="1304"/>
            <String HEIGHT="54" WIDTH="65" VPOS="1919" HPOS="1265" CONTENT="a" ID="r2l110_9" STYLEREFS="FONT0"/>
            <SP HEIGHT="54" WIDTH="13" VPOS="1919" HPOS="1330"/>
            <String HEIGHT="54" WIDTH="130" VPOS="1919" HPOS="1291" CONTENT="faites" ID="r2l110_10" STYLEREFS="FONT0"/>
            <SP HEIGHT="54" WIDTH="13" VPOS="1919" HPOS="1420"/>
            <String HEIGHT="54" WIDTH="104" VPOS="1919" HPOS="1381" CONTENT="pour" ID="r2l110_11" STYLEREFS="FONT0"/>
            <SP HEIGHT="54" WIDTH="13" VPOS="1919" HPOS="1485"/>
            <String HEIGHT="54" WIDTH="169" VPOS="1919" HPOS="1433" CONTENT="l’entretien" ID="r2l110_12" STYLEREFS="FONT0"/>
          </TextLine>
          <TextLine ID="r2l111" BASELINE="2008" HEIGHT="52" WIDTH="965" VPOS="1956" HPOS="634">
            <String HEIGHT="52" WIDTH="84" VPOS="1956" HPOS="620" CONTENT="du" ID="r2l111_1" STYLEREFS="FONT0"/>
            <SP HEIGHT="52" WIDTH="14" VPOS="1956" HPOS="704"/>
            <String HEIGHT="52" WIDTH="154" VPOS="1956" HPOS="662" CONTENT="cabinet" ID="r2l111_2" STYLEREFS="FONT0"/>
            <SP HEIGHT="52" WIDTH="14" VPOS="1956" HPOS="816"/>
            <String HEIGHT="52" WIDTH="196" VPOS="1956" HPOS="774" CONTENT="d’histoire" ID="r2l111_3" STYLEREFS="FONT0"/>
            <SP HEIGHT="52" WIDTH="14" VPOS="1956" HPOS="970"/>
            <String HEIGHT="52" WIDTH="196" VPOS="1956" HPOS="928" CONTENT="naturelle," ID="r2l111_4" STYLEREFS="FONT0"/>
            <SP HEIGHT="52" WIDTH="14" VPOS="1956" HPOS="1123"/>
            <String HEIGHT="52" WIDTH="84" VPOS="1956" HPOS="1082" CONTENT="et" ID="r2l111_5" STYLEREFS="FONT0"/>
            <SP HEIGHT="52" WIDTH="14" VPOS="1956" HPOS="1165"/>
            <String HEIGHT="52" WIDTH="84" VPOS="1956" HPOS="1123" CONTENT="de" ID="r2l111_6" STYLEREFS="FONT0"/>
            <SP HEIGHT="52" WIDTH="14" VPOS="1956" HPOS="1207"/>
            <String HEIGHT="52" WIDTH="140" VPOS="1956" HPOS="1165" CONTENT="divers" ID="r2l111_7" STYLEREFS="FONT0"/>
            <SP HEIGHT="52" WIDTH="14" VPOS="1956" HPOS="1305"/>
            <String HEIGHT="52" WIDTH="168" VPOS="1956" HPOS="1263" CONTENT="procédés" ID="r2l111_8" STYLEREFS="FONT0"/>
            <SP HEIGHT="52" WIDTH="14" VPOS="1956" HPOS="1431"/>
            <String HEIGHT="52" WIDTH="224" VPOS="1956" HPOS="1375" CONTENT="scientifiques." ID="r2l111_9" STYLEREFS="FONT0"/>
          </TextLine>
          <TextLine ID="r2l112" BASELINE="2032" HEIGHT="39" WIDTH="968" VPOS="1993" HPOS="638">
            <String HEIGHT="39" WIDTH="128" VPOS="1993" HPOS="624" CONTENT="«Hier" ID="r2l112_1" STYLEREFS="FONT0"/>
            <SP HEIGHT="39" WIDTH="14" VPOS="1993" HPOS="752"/>
            <String HEIGHT="39" WIDTH="85" VPOS="1993" HPOS="709" CONTENT="au" ID="r2l112_2" STYLEREFS="FONT0"/>
            <SP HEIGHT="39" WIDTH="14" VPOS="1993" HPOS="795"/>
            <String HEIGHT="39" WIDTH="128" VPOS="1993" HPOS="752" CONTENT="soir," ID="r2l112_3" STYLEREFS="FONT0"/>
            <SP HEIGHT="39" WIDTH="14" VPOS="1993" HPOS="880"/>
            <String HEIGHT="39" WIDTH="128" VPOS="1993" HPOS="837" CONTENT="après" ID="r2l112_4" STYLEREFS="FONT0"/>
            <SP HEIGHT="39" WIDTH="14" VPOS="1993" HPOS="965"/>
            <String HEIGHT="39" WIDTH="85" VPOS="1993" HPOS="923" CONTENT="le" ID="r2l112_5" STYLEREFS="FONT0"/>
            <SP HEIGHT="39" WIDTH="14" VPOS="1993" HPOS="1008"/>
            <String HEIGHT="39" WIDTH="142" VPOS="1993" HPOS="965" CONTENT="départ" ID="r2l112_6" STYLEREFS="FONT0"/>
            <SP HEIGHT="39" WIDTH="14" VPOS="1993" HPOS="1108"/>
            <String HEIGHT="39" WIDTH="85" VPOS="1993" HPOS="1065" CONTENT="de" ID="r2l112_7" STYLEREFS="FONT0"/>
            <SP HEIGHT="39" WIDTH="14" VPOS="1993" HPOS="1150"/>
            <String HEIGHT="39" WIDTH="114" VPOS="1993" HPOS="1108" CONTENT="tout" ID="r2l112_8" STYLEREFS="FONT0"/>
            <SP HEIGHT="39" WIDTH="14" VPOS="1993" HPOS="1222"/>
            <String HEIGHT="39" WIDTH="114" VPOS="1993" HPOS="1179" CONTENT="mon," ID="r2l112_9" STYLEREFS="FONT0"/>
            <SP HEIGHT="39" WIDTH="14" VPOS="1993" HPOS="1293"/>
            <String HEIGHT="39" WIDTH="142" VPOS="1993" HPOS="1250" CONTENT="monde," ID="r2l112_10" STYLEREFS="FONT0"/>
            <SP HEIGHT="39" WIDTH="14" VPOS="1993" HPOS="1392"/>
            <String HEIGHT="39" WIDTH="71" VPOS="1993" HPOS="1350" CONTENT="j" ID="r2l112_11" STYLEREFS="FONT0"/>
            <SP HEIGHT="39" WIDTH="14" VPOS="1993" HPOS="1421"/>
            <String HEIGHT="39" WIDTH="85" VPOS="1993" HPOS="1378" CONTENT="ai" ID="r2l112_12" STYLEREFS="FONT0"/>
            <SP HEIGHT="39" WIDTH="14" VPOS="1993" HPOS="1464"/>
            <String HEIGHT="39" WIDTH="114" VPOS="1993" HPOS="1421" CONTENT="reçu" ID="r2l112_13" STYLEREFS="FONT0"/>
            <SP HEIGHT="39" WIDTH="14" VPOS="1993" HPOS="1535"/>
            <String HEIGHT="39" WIDTH="85" VPOS="1993" HPOS="1492" CONTENT="la" ID="r2l112_14" STYLEREFS="FONT0"/>
            <SP HEIGHT="39" WIDTH="14" VPOS="1993" HPOS="1578"/>
            <String HEIGHT="39" WIDTH="85" VPOS="1993" HPOS="1521" CONTENT="nou" SUBS_TYPE="HypPart1" SUBS_CONTENT="nouvelle" ID="r2l112_15" STYLEREFS="FONT0"/>
            <HYP CONTENT="-"/>
          </TextLine>
          <TextLine ID="r2l113" BASELINE="2062" HEIGHT="45" WIDTH="958" VPOS="2017" HPOS="638">
            <String HEIGHT="45" WIDTH="123" VPOS="2017" HPOS="624" CONTENT="velle" SUBS_TYPE="HypPart2" SUBS_CONTENT="nouvelle" ID="r2l113_1" STYLEREFS="FONT0"/>
            <SP HEIGHT="45" WIDTH="14" VPOS="2017" HPOS="747"/>
            <String HEIGHT="45" WIDTH="274" VPOS="2017" HPOS="706" CONTENT="très-affligeante" ID="r2l113_2" STYLEREFS="FONT0"/>
            <SP HEIGHT="45" WIDTH="14" VPOS="2017" HPOS="980"/>
            <String HEIGHT="45" WIDTH="82" VPOS="2017" HPOS="939" CONTENT="de" ID="r2l113_3" STYLEREFS="FONT0"/>
            <SP HEIGHT="45" WIDTH="14" VPOS="2017" HPOS="1021"/>
            <String HEIGHT="45" WIDTH="82" VPOS="2017" HPOS="980" CONTENT="la" ID="r2l113_4" STYLEREFS="FONT0"/>
            <SP HEIGHT="45" WIDTH="14" VPOS="2017" HPOS="1062"/>
            <String HEIGHT="45" WIDTH="109" VPOS="2017" HPOS="1021" CONTENT="mort" ID="r2l113_5" STYLEREFS="FONT0"/>
            <SP HEIGHT="45" WIDTH="14" VPOS="2017" HPOS="1131"/>
            <String HEIGHT="45" WIDTH="82" VPOS="2017" HPOS="1090" CONTENT="de" ID="r2l113_6" STYLEREFS="FONT0"/>
            <SP HEIGHT="45" WIDTH="14" VPOS="2017" HPOS="1172"/>
            <String HEIGHT="45" WIDTH="96" VPOS="2017" HPOS="1131" CONTENT="mon" ID="r2l113_7" STYLEREFS="FONT0"/>
            <SP HEIGHT="45" WIDTH="14" VPOS="2017" HPOS="1226"/>
            <String HEIGHT="45" WIDTH="123" VPOS="2017" HPOS="1185" CONTENT="frère" ID="r2l113_8" STYLEREFS="FONT0"/>
            <SP HEIGHT="45" WIDTH="14" VPOS="2017" HPOS="1309"/>
            <String HEIGHT="45" WIDTH="109" VPOS="2017" HPOS="1268" CONTENT="abbé" ID="r2l113_9" STYLEREFS="FONT0"/>
            <SP HEIGHT="45" WIDTH="14" VPOS="2017" HPOS="1377"/>
            <String HEIGHT="45" WIDTH="82" VPOS="2017" HPOS="1336" CONTENT="du" ID="r2l113_10" STYLEREFS="FONT0"/>
            <SP HEIGHT="45" WIDTH="14" VPOS="2017" HPOS="1418"/>
            <String HEIGHT="45" WIDTH="123" VPOS="2017" HPOS="1377" CONTENT="Rivet" ID="r2l113_11" STYLEREFS="FONT0"/>
            <SP HEIGHT="45" WIDTH="14" VPOS="2017" HPOS="1500"/>
            <String HEIGHT="45" WIDTH="96" VPOS="2017" HPOS="1459" CONTENT="que" ID="r2l113_12" STYLEREFS="FONT0"/>
            <SP HEIGHT="45" WIDTH="14" VPOS="2017" HPOS="1555"/>
            <String HEIGHT="45" WIDTH="96" VPOS="2017" HPOS="1500" CONTENT="j’ai" SUBS_TYPE="HypPart1" SUBS_CONTENT="j’aimois" ID="r2l113_13" STYLEREFS="FONT0"/>
            <HYP CONTENT="-"/>
          </TextLine>
          <TextLine ID="r2l114" BASELINE="2098" HEIGHT="41" WIDTH="963" VPOS="2057" HPOS="638">
            <String HEIGHT="41" WIDTH="109" VPOS="2057" HPOS="624" CONTENT="mois" SUBS_TYPE="HypPart2" SUBS_CONTENT="j’aimois" ID="r2l114_1" STYLEREFS="FONT0"/>
            <SP HEIGHT="41" WIDTH="14" VPOS="2057" HPOS="733"/>
            <String HEIGHT="41" WIDTH="190" VPOS="2057" HPOS="692" CONTENT="tendrement" ID="r2l114_2" STYLEREFS="FONT0"/>
            <SP HEIGHT="41" WIDTH="14" VPOS="2057" HPOS="882"/>
            <String HEIGHT="41" WIDTH="81" VPOS="2057" HPOS="841" CONTENT="et" ID="r2l114_3" STYLEREFS="FONT0"/>
            <SP HEIGHT="41" WIDTH="14" VPOS="2057" HPOS="923"/>
            <String HEIGHT="41" WIDTH="95" VPOS="2057" HPOS="882" CONTENT="qui" ID="r2l114_4" STYLEREFS="FONT0"/>
            <SP HEIGHT="41" WIDTH="14" VPOS="2057" HPOS="977"/>
            <String HEIGHT="41" WIDTH="122" VPOS="2057" HPOS="936" CONTENT="meurt" ID="r2l114_5" STYLEREFS="FONT0"/>
            <SP HEIGHT="41" WIDTH="14" VPOS="2057" HPOS="1058"/>
            <String HEIGHT="41" WIDTH="149" VPOS="2057" HPOS="1018" CONTENT="victime" ID="r2l114_6" STYLEREFS="FONT0"/>
            <SP HEIGHT="41" WIDTH="14" VPOS="2057" HPOS="1167"/>
            <String HEIGHT="41" WIDTH="81" VPOS="2057" HPOS="1126" CONTENT="de" ID="r2l114_7" STYLEREFS="FONT0"/>
            <SP HEIGHT="41" WIDTH="14" VPOS="2057" HPOS="1208"/>
            <String HEIGHT="41" WIDTH="203" VPOS="2057" HPOS="1167" CONTENT="l’injustice" ID="r2l114_8" STYLEREFS="FONT0"/>
            <SP HEIGHT="41" WIDTH="14" VPOS="2057" HPOS="1370"/>
            <String HEIGHT="41" WIDTH="81" VPOS="2057" HPOS="1330" CONTENT="et" ID="r2l114_9" STYLEREFS="FONT0"/>
            <SP HEIGHT="41" WIDTH="14" VPOS="2057" HPOS="1411"/>
            <String HEIGHT="41" WIDTH="81" VPOS="2057" HPOS="1370" CONTENT="de" ID="r2l114_10" STYLEREFS="FONT0"/>
            <SP HEIGHT="41" WIDTH="14" VPOS="2057" HPOS="1452"/>
            <String HEIGHT="41" WIDTH="203" VPOS="2057" HPOS="1398" CONTENT="l’oppression." ID="r2l114_11" STYLEREFS="FONT0"/>
          </TextLine>
          <TextLine ID="r2l115" BASELINE="2139" HEIGHT="60" WIDTH="786" VPOS="2079" HPOS="632">
            <String HEIGHT="60" WIDTH="84" VPOS="2079" HPOS="618" CONTENT="Je" ID="r2l115_1" STYLEREFS="FONT0"/>
            <SP HEIGHT="60" WIDTH="14" VPOS="2079" HPOS="702"/>
            <String HEIGHT="60" WIDTH="84" VPOS="2079" HPOS="660" CONTENT="ne" ID="r2l115_2" STYLEREFS="FONT0"/>
            <SP HEIGHT="60" WIDTH="14" VPOS="2079" HPOS="744"/>
            <String HEIGHT="60" WIDTH="112" VPOS="2079" HPOS="702" CONTENT="puis" ID="r2l115_3" STYLEREFS="FONT0"/>
            <SP HEIGHT="60" WIDTH="14" VPOS="2079" HPOS="814"/>
            <String HEIGHT="60" WIDTH="112" VPOS="2079" HPOS="772" CONTENT="vous" ID="r2l115_4" STYLEREFS="FONT0"/>
            <SP HEIGHT="60" WIDTH="14" VPOS="2079" HPOS="885"/>
            <String HEIGHT="60" WIDTH="168" VPOS="2079" HPOS="843" CONTENT="exprimer" ID="r2l115_5" STYLEREFS="FONT0"/>
            <SP HEIGHT="60" WIDTH="14" VPOS="2079" HPOS="1011"/>
            <String HEIGHT="60" WIDTH="84" VPOS="2079" HPOS="969" CONTENT="le" ID="r2l115_6" STYLEREFS="FONT0"/>
            <SP HEIGHT="60" WIDTH="14" VPOS="2079" HPOS="1053"/>
            <String HEIGHT="60" WIDTH="154" VPOS="2079" HPOS="1011" CONTENT="chagrin" ID="r2l115_7" STYLEREFS="FONT0"/>
            <SP HEIGHT="60" WIDTH="14" VPOS="2079" HPOS="1165"/>
            <String HEIGHT="60" WIDTH="98" VPOS="2079" HPOS="1123" CONTENT="que" ID="r2l115_8" STYLEREFS="FONT0"/>
            <SP HEIGHT="60" WIDTH="14" VPOS="2079" HPOS="1222"/>
            <String HEIGHT="60" WIDTH="112" VPOS="2079" HPOS="1179" CONTENT="j’en" ID="r2l115_9" STYLEREFS="FONT0"/>
            <SP HEIGHT="60" WIDTH="14" VPOS="2079" HPOS="1292"/>
            <String HEIGHT="60" WIDTH="182" VPOS="2079" HPOS="1236" CONTENT="ressens...»" ID="r2l115_10" STYLEREFS="FONT0"/>
          </TextLine>
          <TextLine ID="r2l118" BASELINE="2177" HEIGHT="70" WIDTH="973" VPOS="2107" HPOS="636">
            <String HEIGHT="70" WIDTH="108" VPOS="2107" HPOS="624" CONTENT="23650" ID="r2l118_1" STYLEREFS="FONT0"/>
            <SP HEIGHT="70" WIDTH="12" VPOS="2107" HPOS="732"/>
            <String HEIGHT="70" WIDTH="108" VPOS="2107" HPOS="696" CONTENT="CABEL" ID="r2l118_2" STYLEREFS="FONT0"/>
            <SP HEIGHT="70" WIDTH="12" VPOS="2107" HPOS="804"/>
            <String HEIGHT="70" WIDTH="144" VPOS="2107" HPOS="768" CONTENT="(Marie)," ID="r2l118_3" STYLEREFS="FONT0"/>
            <SP HEIGHT="70" WIDTH="12" VPOS="2107" HPOS="912"/>
            <String HEIGHT="70" WIDTH="132" VPOS="2107" HPOS="876" CONTENT="célèbre" ID="r2l118_4" STYLEREFS="FONT0"/>
            <SP HEIGHT="70" WIDTH="12" VPOS="2107" HPOS="1008"/>
            <String HEIGHT="70" WIDTH="180" VPOS="2107" HPOS="972" CONTENT="cantatrice." ID="r2l118_5" STYLEREFS="FONT0"/>
            <SP HEIGHT="70" WIDTH="12" VPOS="2107" HPOS="1153"/>
            <String HEIGHT="70" WIDTH="108" VPOS="2107" HPOS="1116" CONTENT="L." ID="r2l118_6" STYLEREFS="FONT2"/>
            <SP HEIGHT="70" WIDTH="12" VPOS="2107" HPOS="1225"/>
            <String HEIGHT="70" WIDTH="72" VPOS="2107" HPOS="1189" CONTENT="a." ID="r2l118_7" STYLEREFS="FONT2"/>
            <SP HEIGHT="70" WIDTH="12" VPOS="2107" HPOS="1261"/>
            <String HEIGHT="70" WIDTH="120" VPOS="2107" HPOS="1225" CONTENT="s." ID="r2l118_8" STYLEREFS="FONT2"/>
            <SP HEIGHT="70" WIDTH="12" VPOS="2107" HPOS="1345"/>
            <String HEIGHT="70" WIDTH="72" VPOS="2107" HPOS="1309" CONTENT="(à" ID="r2l118_9" STYLEREFS="FONT0"/>
            <SP HEIGHT="70" WIDTH="12" VPOS="2107" HPOS="1381"/>
            <String HEIGHT="70" WIDTH="72" VPOS="2107" HPOS="1345" CONTENT="M." ID="r2l118_10" STYLEREFS="FONT0"/>
            <SP HEIGHT="70" WIDTH="12" VPOS="2107" HPOS="1417"/>
            <String HEIGHT="70" WIDTH="72" VPOS="2107" HPOS="1381" CONTENT="de" ID="r2l118_11" STYLEREFS="FONT0"/>
            <SP HEIGHT="70" WIDTH="12" VPOS="2107" HPOS="1453"/>
            <String HEIGHT="70" WIDTH="204" VPOS="2107" HPOS="1405" CONTENT="Saint" ID="r2l118_12" STYLEREFS="FONT0"/>
          </TextLine>
          <TextLine ID="r2l120" BASELINE="2216" HEIGHT="57" WIDTH="517" VPOS="2159" HPOS="640">
            <String HEIGHT="57" WIDTH="116" VPOS="2159" HPOS="627" CONTENT="Lyon," ID="r2l120_1" STYLEREFS="FONT0"/>
            <SP HEIGHT="57" WIDTH="13" VPOS="2159" HPOS="743"/>
            <String HEIGHT="57" WIDTH="78" VPOS="2159" HPOS="705" CONTENT="16" ID="r2l120_2" STYLEREFS="FONT0"/>
            <SP HEIGHT="57" WIDTH="13" VPOS="2159" HPOS="782"/>
            <String HEIGHT="57" WIDTH="168" VPOS="2159" HPOS="743" CONTENT="septembre" ID="r2l120_3" STYLEREFS="FONT0"/>
            <SP HEIGHT="57" WIDTH="13" VPOS="2159" HPOS="911"/>
            <String HEIGHT="57" WIDTH="116" VPOS="2159" HPOS="873" CONTENT="1863," ID="r2l120_4" STYLEREFS="FONT0"/>
            <SP HEIGHT="57" WIDTH="13" VPOS="2159" HPOS="989"/>
            <String HEIGHT="57" WIDTH="65" VPOS="2159" HPOS="950" CONTENT="3" ID="r2l120_5" STYLEREFS="FONT0"/>
            <SP HEIGHT="57" WIDTH="13" VPOS="2159" HPOS="1015"/>
            <String HEIGHT="57" WIDTH="78" VPOS="2159" HPOS="976" CONTENT="p." ID="r2l120_6" STYLEREFS="FONT0"/>
            <SP HEIGHT="57" WIDTH="13" VPOS="2159" HPOS="1054"/>
            <String HEIGHT="57" WIDTH="116" VPOS="2159" HPOS="1015" CONTENT="in-8." ID="r2l120_7" STYLEREFS="FONT0"/>
            <SP HEIGHT="57" WIDTH="13" VPOS="2159" HPOS="1131"/>
            <String HEIGHT="57" WIDTH="65" VPOS="2159" HPOS="1092" CONTENT="3" ID="r2l120_8" STYLEREFS="FONT0"/>
            <SP HEIGHT="57" WIDTH="13" VPOS="2159" HPOS="1157"/>
            <String HEIGHT="57" WIDTH="52" VPOS="2159" HPOS="1105" CONTENT="50" ID="r2l120_9" STYLEREFS="FONT0"/>
          </TextLine>
          <TextLine ID="r2l122" BASELINE="2253" HEIGHT="75" WIDTH="736" VPOS="2178" HPOS="672">
            <String HEIGHT="75" WIDTH="184" VPOS="2178" HPOS="661" CONTENT="Très-curieuse" ID="r2l122_1" STYLEREFS="FONT0"/>
            <SP HEIGHT="75" WIDTH="11" VPOS="2178" HPOS="845"/>
            <String HEIGHT="75" WIDTH="108" VPOS="2178" HPOS="813" CONTENT="épître" ID="r2l122_2" STYLEREFS="FONT0"/>
            <SP HEIGHT="75" WIDTH="11" VPOS="2178" HPOS="921"/>
            <String HEIGHT="75" WIDTH="76" VPOS="2178" HPOS="888" CONTENT="sur" ID="r2l122_3" STYLEREFS="FONT0"/>
            <SP HEIGHT="75" WIDTH="11" VPOS="2178" HPOS="964"/>
            <String HEIGHT="75" WIDTH="76" VPOS="2178" HPOS="932" CONTENT="les" ID="r2l122_4" STYLEREFS="FONT0"/>
            <SP HEIGHT="75" WIDTH="11" VPOS="2178" HPOS="1008"/>
            <String HEIGHT="75" WIDTH="162" VPOS="2178" HPOS="975" CONTENT="difficultés" ID="r2l122_5" STYLEREFS="FONT0"/>
            <SP HEIGHT="75" WIDTH="11" VPOS="2178" HPOS="1137"/>
            <String HEIGHT="75" WIDTH="119" VPOS="2178" HPOS="1105" CONTENT="qu’elle" ID="r2l122_6" STYLEREFS="FONT0"/>
            <SP HEIGHT="75" WIDTH="11" VPOS="2178" HPOS="1224"/>
            <String HEIGHT="75" WIDTH="54" VPOS="2178" HPOS="1192" CONTENT="a" ID="r2l122_7" STYLEREFS="FONT0"/>
            <SP HEIGHT="75" WIDTH="11" VPOS="2178" HPOS="1246"/>
            <String HEIGHT="75" WIDTH="87" VPOS="2178" HPOS="1213" CONTENT="avec" ID="r2l122_8" STYLEREFS="FONT0"/>
            <SP HEIGHT="75" WIDTH="11" VPOS="2178" HPOS="1300"/>
            <String HEIGHT="75" WIDTH="65" VPOS="2178" HPOS="1267" CONTENT="M." ID="r2l122_9" STYLEREFS="FONT0"/>
            <SP HEIGHT="75" WIDTH="11" VPOS="2178" HPOS="1332"/>
            <String HEIGHT="75" WIDTH="65" VPOS="2178" HPOS="1300" CONTENT="de" ID="r2l122_10" STYLEREFS="FONT0"/>
            <SP HEIGHT="75" WIDTH="11" VPOS="2178" HPOS="1365"/>
            <String HEIGHT="75" WIDTH="87" VPOS="2178" HPOS="1321" CONTENT="Leuven" ID="r2l122_11" STYLEREFS="FONT0"/>
          </TextLine>
          <TextLine ID="r2l123" BASELINE="2283" HEIGHT="54" WIDTH="563" VPOS="2229" HPOS="650">
            <String HEIGHT="54" WIDTH="96" VPOS="2229" HPOS="636" CONTENT="our" ID="r2l123_1" STYLEREFS="FONT0"/>
            <SP HEIGHT="54" WIDTH="14" VPOS="2229" HPOS="732"/>
            <String HEIGHT="54" WIDTH="82" VPOS="2229" HPOS="691" CONTENT="le" ID="r2l123_2" STYLEREFS="FONT0"/>
            <SP HEIGHT="54" WIDTH="14" VPOS="2229" HPOS="774"/>
            <String HEIGHT="54" WIDTH="275" VPOS="2229" HPOS="732" CONTENT="Théâtre-Lyrique." ID="r2l123_3" STYLEREFS="FONT0"/>
            <SP HEIGHT="54" WIDTH="14" VPOS="2229" HPOS="1007"/>
            <String HEIGHT="54" WIDTH="165" VPOS="2229" HPOS="966" CONTENT="Piquants" ID="r2l123_4" STYLEREFS="FONT0"/>
            <SP HEIGHT="54" WIDTH="14" VPOS="2229" HPOS="1131"/>
            <String HEIGHT="54" WIDTH="137" VPOS="2229" HPOS="1076" CONTENT="détails." ID="r2l123_5" STYLEREFS="FONT0"/>
          </TextLine>
          <TextLine ID="r2l124" BASELINE="2326" HEIGHT="49" WIDTH="967" VPOS="2277" HPOS="646">
            <String HEIGHT="49" WIDTH="121" VPOS="2277" HPOS="633" CONTENT="23651" ID="r2l124_1" STYLEREFS="FONT0"/>
            <SP HEIGHT="49" WIDTH="13" VPOS="2277" HPOS="753"/>
            <String HEIGHT="49" WIDTH="175" VPOS="2277" HPOS="713" CONTENT="CAMBRONNE" ID="r2l124_2" STYLEREFS="FONT0"/>
            <SP HEIGHT="49" WIDTH="13" VPOS="2277" HPOS="888"/>
            <String HEIGHT="49" WIDTH="94" VPOS="2277" HPOS="847" CONTENT="(le" ID="r2l124_3" STYLEREFS="FONT0"/>
            <SP HEIGHT="49" WIDTH="13" VPOS="2277" HPOS="941"/>
            <String HEIGHT="49" WIDTH="148" VPOS="2277" HPOS="901" CONTENT="baron)," ID="r2l124_4" STYLEREFS="FONT0"/>
            <SP HEIGHT="49" WIDTH="13" VPOS="2277" HPOS="1049"/>
            <String HEIGHT="49" WIDTH="148" VPOS="2277" HPOS="1009" CONTENT="célèbre" ID="r2l124_5" STYLEREFS="FONT0"/>
            <SP HEIGHT="49" WIDTH="13" VPOS="2277" HPOS="1156"/>
            <String HEIGHT="49" WIDTH="161" VPOS="2277" HPOS="1116" CONTENT="général," ID="r2l124_6" STYLEREFS="FONT0"/>
            <SP HEIGHT="49" WIDTH="13" VPOS="2277" HPOS="1277"/>
            <String HEIGHT="49" WIDTH="81" VPOS="2277" HPOS="1237" CONTENT="le" ID="r2l124_7" STYLEREFS="FONT0"/>
            <SP HEIGHT="49" WIDTH="13" VPOS="2277" HPOS="1318"/>
            <String HEIGHT="49" WIDTH="121" VPOS="2277" HPOS="1277" CONTENT="héros" ID="r2l124_8" STYLEREFS="FONT0"/>
            <SP HEIGHT="49" WIDTH="13" VPOS="2277" HPOS="1398"/>
            <String HEIGHT="49" WIDTH="81" VPOS="2277" HPOS="1358" CONTENT="du" ID="r2l124_9" STYLEREFS="FONT0"/>
            <SP HEIGHT="49" WIDTH="13" VPOS="2277" HPOS="1438"/>
            <String HEIGHT="49" WIDTH="148" VPOS="2277" HPOS="1398" CONTENT="dernier" ID="r2l124_10" STYLEREFS="FONT0"/>
            <SP HEIGHT="49" WIDTH="13" VPOS="2277" HPOS="1546"/>
            <String HEIGHT="49" WIDTH="121" VPOS="2277" HPOS="1492" CONTENT="épisode" ID="r2l124_11" STYLEREFS="FONT0"/>
          </TextLine>
          <TextLine ID="r2l126" BASELINE="2359" HEIGHT="49" WIDTH="626" VPOS="2310" HPOS="642">
            <String HEIGHT="49" WIDTH="68" VPOS="2310" HPOS="631" CONTENT="de" ID="r2l126_1" STYLEREFS="FONT0"/>
            <SP HEIGHT="49" WIDTH="11" VPOS="2310" HPOS="699"/>
            <String HEIGHT="49" WIDTH="148" VPOS="2310" HPOS="665" CONTENT="Waterloo." ID="r2l126_2" STYLEREFS="FONT0"/>
            <SP HEIGHT="49" WIDTH="11" VPOS="2310" HPOS="813"/>
            <String HEIGHT="49" WIDTH="102" VPOS="2310" HPOS="779" CONTENT="L." ID="r2l126_3" STYLEREFS="FONT2"/>
            <SP HEIGHT="49" WIDTH="11" VPOS="2310" HPOS="881"/>
            <String HEIGHT="49" WIDTH="68" VPOS="2310" HPOS="847" CONTENT="a." ID="r2l126_4" STYLEREFS="FONT2"/>
            <SP HEIGHT="49" WIDTH="11" VPOS="2310" HPOS="915"/>
            <String HEIGHT="49" WIDTH="114" VPOS="2310" HPOS="881" CONTENT="s." ID="r2l126_5" STYLEREFS="FONT2"/>
            <SP HEIGHT="49" WIDTH="11" VPOS="2310" HPOS="995"/>
            <String HEIGHT="49" WIDTH="57" VPOS="2310" HPOS="961" CONTENT="a" ID="r2l126_6" STYLEREFS="FONT0"/>
            <SP HEIGHT="49" WIDTH="11" VPOS="2310" HPOS="1018"/>
            <String HEIGHT="49" WIDTH="68" VPOS="2310" HPOS="983" CONTENT="M." ID="r2l126_7" STYLEREFS="FONT0"/>
            <SP HEIGHT="49" WIDTH="11" VPOS="2310" HPOS="1052"/>
            <String HEIGHT="49" WIDTH="114" VPOS="2310" HPOS="1018" CONTENT="Lezac," ID="r2l126_8" STYLEREFS="FONT0"/>
            <SP HEIGHT="49" WIDTH="11" VPOS="2310" HPOS="1131"/>
            <String HEIGHT="49" WIDTH="57" VPOS="2310" HPOS="1097" CONTENT="1" ID="r2l126_9" STYLEREFS="FONT0"/>
            <SP HEIGHT="49" WIDTH="11" VPOS="2310" HPOS="1154"/>
            <String HEIGHT="49" WIDTH="68" VPOS="2310" HPOS="1120" CONTENT="p." ID="r2l126_10" STYLEREFS="FONT0"/>
            <SP HEIGHT="49" WIDTH="11" VPOS="2310" HPOS="1188"/>
            <String HEIGHT="49" WIDTH="102" VPOS="2310" HPOS="1154" CONTENT="in-4." ID="r2l126_11" STYLEREFS="FONT0"/>
            <SP HEIGHT="49" WIDTH="11" VPOS="2310" HPOS="1257"/>
            <String HEIGHT="49" WIDTH="57" VPOS="2310" HPOS="1222" CONTENT="7" ID="r2l126_12" STYLEREFS="FONT0"/>
            <SP HEIGHT="49" WIDTH="11" VPOS="2310" HPOS="1279"/>
            <String HEIGHT="49" WIDTH="34" VPOS="2310" HPOS="1234" CONTENT="»" ID="r2l126_13" STYLEREFS="FONT0"/>
          </TextLine>
          <TextLine ID="r2l127" BASELINE="2389" HEIGHT="61" WIDTH="935" VPOS="2328" HPOS="676">
            <String HEIGHT="61" WIDTH="165" VPOS="2328" HPOS="662" CONTENT="Curieuse" ID="r2l127_1" STYLEREFS="FONT0"/>
            <SP HEIGHT="61" WIDTH="14" VPOS="2328" HPOS="827"/>
            <String HEIGHT="61" WIDTH="151" VPOS="2328" HPOS="786" CONTENT="épître," ID="r2l127_2" STYLEREFS="FONT0"/>
            <SP HEIGHT="61" WIDTH="14" VPOS="2328" HPOS="937"/>
            <String HEIGHT="61" WIDTH="83" VPOS="2328" HPOS="896" CONTENT="où" ID="r2l127_3" STYLEREFS="FONT0"/>
            <SP HEIGHT="61" WIDTH="14" VPOS="2328" HPOS="979"/>
            <String HEIGHT="61" WIDTH="83" VPOS="2328" HPOS="937" CONTENT="il" ID="r2l127_4" STYLEREFS="FONT0"/>
            <SP HEIGHT="61" WIDTH="14" VPOS="2328" HPOS="1020"/>
            <String HEIGHT="61" WIDTH="83" VPOS="2328" HPOS="979" CONTENT="le" ID="r2l127_5" STYLEREFS="FONT0"/>
            <SP HEIGHT="61" WIDTH="14" VPOS="2328" HPOS="1061"/>
            <String HEIGHT="61" WIDTH="165" VPOS="2328" HPOS="1020" CONTENT="remercie" ID="r2l127_6" STYLEREFS="FONT0"/>
            <SP HEIGHT="61" WIDTH="14" VPOS="2328" HPOS="1185"/>
            <String HEIGHT="61" WIDTH="83" VPOS="2328" HPOS="1144" CONTENT="de" ID="r2l127_7" STYLEREFS="FONT0"/>
            <SP HEIGHT="61" WIDTH="14" VPOS="2328" HPOS="1226"/>
            <String HEIGHT="61" WIDTH="96" VPOS="2328" HPOS="1185" CONTENT="ses" ID="r2l127_8" STYLEREFS="FONT0"/>
            <SP HEIGHT="61" WIDTH="14" VPOS="2328" HPOS="1281"/>
            <String HEIGHT="61" WIDTH="138" VPOS="2328" HPOS="1240" CONTENT="offres" ID="r2l127_9" STYLEREFS="FONT0"/>
            <SP HEIGHT="61" WIDTH="14" VPOS="2328" HPOS="1377"/>
            <String HEIGHT="61" WIDTH="83" VPOS="2328" HPOS="1336" CONTENT="de" ID="r2l127_10" STYLEREFS="FONT0"/>
            <SP HEIGHT="61" WIDTH="14" VPOS="2328" HPOS="1419"/>
            <String HEIGHT="61" WIDTH="179" VPOS="2328" HPOS="1377" CONTENT="services," ID="r2l127_11" STYLEREFS="FONT0"/>
            <SP HEIGHT="61" WIDTH="14" VPOS="2328" HPOS="1556"/>
            <String HEIGHT="61" WIDTH="83" VPOS="2328" HPOS="1515" CONTENT="et" ID="r2l127_12" STYLEREFS="FONT0"/>
            <SP HEIGHT="61" WIDTH="14" VPOS="2328" HPOS="1597"/>
            <String HEIGHT="61" WIDTH="69" VPOS="2328" HPOS="1542" CONTENT="lui" ID="r2l127_13" STYLEREFS="FONT0"/>
          </TextLine>
          <TextLine ID="r2l128" BASELINE="2444" HEIGHT="68" WIDTH="978" VPOS="2376" HPOS="639">
            <String HEIGHT="68" WIDTH="161" VPOS="2376" HPOS="624" CONTENT="déclare" ID="r2l128_1" STYLEREFS="FONT0"/>
            <SP HEIGHT="68" WIDTH="15" VPOS="2376" HPOS="785"/>
            <String HEIGHT="68" WIDTH="131" VPOS="2376" HPOS="741" CONTENT="qu’il" ID="r2l128_2" STYLEREFS="FONT0"/>
            <SP HEIGHT="68" WIDTH="15" VPOS="2376" HPOS="873"/>
            <String HEIGHT="68" WIDTH="131" VPOS="2376" HPOS="829" CONTENT="n’est" ID="r2l128_3" STYLEREFS="FONT0"/>
            <SP HEIGHT="68" WIDTH="15" VPOS="2376" HPOS="960"/>
            <String HEIGHT="68" WIDTH="102" VPOS="2376" HPOS="916" CONTENT="pas" ID="r2l128_4" STYLEREFS="FONT0"/>
            <SP HEIGHT="68" WIDTH="15" VPOS="2376" HPOS="1019"/>
            <String HEIGHT="68" WIDTH="219" VPOS="2376" HPOS="975" CONTENT="malheureux," ID="r2l128_5" STYLEREFS="FONT0"/>
            <SP HEIGHT="68" WIDTH="15" VPOS="2376" HPOS="1194"/>
            <String HEIGHT="68" WIDTH="131" VPOS="2376" HPOS="1150" CONTENT="«car," ID="r2l128_6" STYLEREFS="FONT0"/>
            <SP HEIGHT="68" WIDTH="15" VPOS="2376" HPOS="1281"/>
            <String HEIGHT="68" WIDTH="161" VPOS="2376" HPOS="1237" CONTENT="dit-il," ID="r2l128_7" STYLEREFS="FONT0"/>
            <SP HEIGHT="68" WIDTH="15" VPOS="2376" HPOS="1398"/>
            <String HEIGHT="68" WIDTH="88" VPOS="2376" HPOS="1354" CONTENT="si" ID="r2l128_8" STYLEREFS="FONT0"/>
            <SP HEIGHT="68" WIDTH="15" VPOS="2376" HPOS="1442"/>
            <String HEIGHT="68" WIDTH="88" VPOS="2376" HPOS="1398" CONTENT="je" ID="r2l128_9" STYLEREFS="FONT0"/>
            <SP HEIGHT="68" WIDTH="15" VPOS="2376" HPOS="1486"/>
            <String HEIGHT="68" WIDTH="117" VPOS="2376" HPOS="1442" CONTENT="n’ai" ID="r2l128_10" STYLEREFS="FONT0"/>
            <SP HEIGHT="68" WIDTH="15" VPOS="2376" HPOS="1559"/>
            <String HEIGHT="68" WIDTH="102" VPOS="2376" HPOS="1515" CONTENT="pas" ID="r2l128_11" STYLEREFS="FONT0"/>
            <SP HEIGHT="68" WIDTH="15" VPOS="2376" HPOS="1617"/>
            <String HEIGHT="68" WIDTH="58" VPOS="2376" HPOS="1559" CONTENT="de" ID="r2l128_12" STYLEREFS="FONT0"/>
          </TextLine>
        </TextBlock>
      </PrintSpace>
    </Page>
  </Layout>
</alto>
