1681 2984
639 54 253 97 384
747 54 109 97 —

44 133 203 93 l’abbé
186 133 385 93 d’Hautefeuille.
510 133 101 93 1
550 133 142 93 pl.
631 133 122 93 et
692 133 182 93 tiers
814 133 182 93 in-4.
935 133 284 93 (Fatiguée,
1158 133 243 93 déchirée
1341 133 101 93 à
1361 133 81 93 la

35 224 353 46 seconde
291 224 257 46 page
452 224 224 46 par
580 224 192 46 le
676 224 385 46 cachet).
965 224 417 46 Curieuse.
1286 224 192 46 12
1350 224 96 46 »

4 251 186 78 4666.
128 251 475 78 Saint-Pierre
542 251 248 78 (Charles
728 251 227 78 Castel,
893 251 165 78 abbé
996 251 165 78 de),
1100 251 207 78 auteur
1244 251 124 78 du
1286 251 165 78 projet

49 304 110 64 de
104 304 202 64 Paix
251 304 367 64 universelle
563 304 110 64 de
618 304 257 64 l’Académie
820 304 257 64 française.
1022 304 110 64 L.
1077 304 147 64 aut.
1169 304 165 64 sig.,
1279 304 92 64 à
1297 304 147 64 Mgr...

37 362 544 54 Palais-Royal,
485 362 192 54 12
581 362 288 54 avril
773 362 288 54 1737.
965 362 160 54 1
1029 362 192 54 p.
1125 362 288 54 in-8.
1317 362 160 54 5
1349 362 96 54 »

6 407 183 64 4667.
128 407 488 64 Sainte-Marthe
555 407 183 64 (Abel
677 407 163 64 de),
779 407 366 64 Bibliothécaire
1084 407 122 64 du
1145 407 163 64 roi.
1247 407 122 64 Au
1287 407 163 64 prince

47 449 227 65 Maurice
212 449 124 65 de
274 449 227 65 Nassau.
439 449 186 65 Pièce
563 449 124 65 de
625 449 165 65 vers
728 449 165 65 aut.
831 449 165 65 sig.
934 449 144 65 (en
1017 449 227 65 latin).
1182 449 103 65 2
1223 449 144 65 gr.
1306 449 124 65 p.
1347 449 103 65 pl.

-47 497 1270 61 in-fol.
876 497 693 61 20
1107 497 346 61 »

8 550 183 55 4668.
130 550 325 55 Salvi
394 550 284 55 (Lorenzo),
617 550 223 55 célèbre
780 550 183 55 ténor
902 550 244 55 italien,
1084 550 366 55 administrateur
1369 550 81 55 du

48 591 221 61 Théâtre
209 591 221 61 Italien
369 591 121 61 de
430 591 181 61 Paris
550 591 121 61 en
610 591 161 61 1854
711 591 121 61 et
771 591 181 61 1856.
892 591 121 61 L.
952 591 121 61 a.
1012 591 121 61 s.
1072 591 141 61 (en
1153 591 261 61 italien.)
1333 591 121 61 Bar-

49 641 234 62 celone,
219 641 106 62 3
262 641 256 62 décembre
453 641 192 62 1856.
581 641 106 62 1
624 641 128 62 p.
687 641 149 62 pl.
773 641 192 62 in-8.
900 641 234 62 Cachet.
1071 641 192 62 Jolie
1198 641 234 62 lettre.
1369 641 106 62 3
1390 641 64 62 »

9 691 178 73 4669.
128 691 396 73 Sanchioli
465 691 158 73 (Mme
564 691 238 73 Giulio),
742 691 218 73 célèbre
900 691 277 73 cantatrice
1118 691 277 73 italienne,
1316 691 139 73 fille

50 742 124 60 de
112 742 290 60 l’illustre
340 742 228 60 docteur
506 742 228 60 médecin
671 742 124 60 en
733 742 166 60 chef
837 742 124 60 De
899 742 269 60 Fillippi,
1106 742 207 60 appelé
1251 742 124 60 le
1292 742 166 60 Larrey

52 775 119 70 de
112 775 217 70 l’armée
270 775 277 70 italienne.
487 775 119 70 L.
547 775 158 70 aut.
645 775 158 70 sig.
744 775 138 70 (en
823 775 257 70 italien).
1021 775 119 70 24
1080 775 217 70 février
1239 775 178 70 1854.
1357 775 99 70 2
1377 775 79 70 p.

6 834 594 57 in-8.
402 834 923 57 Théâtrale.
1127 834 330 57 2
1193 834 264 57 50

11 872 174 85 4670.
127 872 290 85 Sand
359 872 271 85 (Georges),
571 872 193 85 Madame
706 872 251 85 Dudevant.
900 872 116 85 L.
958 872 155 85 aut.
1054 872 155 85 sig.
1131 872 329 85 Georges

25 924 526 62 Octobre
408 924 431 62 1836.
695 924 239 62 1
791 924 287 62 p.
935 924 431 62 in-4.
1222 924 239 62 2
1270 924 191 62 50

11 978 186 71 4671.
136 978 373 71 Sarasin
446 978 145 71 (le
529 978 186 71 comte
653 978 207 71 Adrien
798 978 166 71 de),
902 978 207 71 poète,
1047 978 331 71 littérateur,
1295 978 166 71 auteur

53 1019 320 73 dramatique.
309 1019 128 73 L.
373 1019 171 73 aut.
480 1019 192 73 sig.,
608 1019 128 73 au
672 1019 278 73 président
885 1019 128 73 de
950 1019 128 73 la
1014 1019 235 73 Chambre
1184 1019 149 73 des
1248 1019 214 73 Députés.

33 1068 386 70 Paris,
304 1068 463 70 janvier,
651 1068 347 70 1821.
882 1068 193 70 1
959 1068 232 70 p.
1075 1068 347 70 in-4.
1307 1068 193 70 3
1345 1068 116 70 »

99 1108 223 74 Hommage
261 1108 101 74 à
302 1108 122 74 la
362 1108 223 74 chambre
525 1108 122 74 de
586 1108 142 74 son
667 1108 183 74 poème
789 1108 122 74 de
849 1108 284 74 l'Amour
1052 1108 325 74 fraternel

13 1144 186 87 4672.
137 1144 413 87 Sardaigne
488 1144 454 87 (Charles-Emmanuel,
881 1144 145 87 roi
963 1144 165 87 de).
1067 1144 207 87 Brevet
1211 1144 165 87 sig.
1294 1144 165 87 Turin,

40 1217 337 59 avril
264 1217 337 59 1766.
489 1217 450 59 (In-fol.
826 1217 562 59 parchemin.)
1276 1217 187 59 2
1313 1217 150 59 50

14 1269 176 75 4673.
132 1269 371 75 Sartines
444 1269 234 75 (Gabriel
620 1269 156 75 de),
718 1269 430 75 lieutenant-général
1089 1269 117 75 de
1147 1269 215 75 police.
1304 1269 117 75 L.
1343 1269 117 75 aut.

8 1300 555 73 sig.
355 1300 347 73 1
493 1300 416 73 p.
702 1300 625 73 in-4.
1118 1300 347 73 2
1187 1300 278 73 60

102 1338 124 88 Le
164 1338 145 88 roi
247 1338 165 88 veut
350 1338 145 88 ses
433 1338 186 88 trois
557 1338 269 88 vaisseaux
764 1338 103 88 à
805 1338 186 88 Brest
929 1338 186 88 avant
1053 1338 124 88 le
1115 1338 145 88 dix
1197 1338 165 88 mai,
1301 1338 124 88 et
1363 1338 124 88 il
1404 1338 62 88 a

61 1413 141 56 des
141 1413 221 56 raisons
302 1413 321 56 essensielles
563 1413 120 56 de
623 1413 120 56 le
663 1413 241 56 désirer...

16 1435 186 103 4674.
140 1435 352 103 Savoie
430 1435 373 103 (Victor-Amédée
741 1435 145 103 II,
823 1435 145 103 duc
906 1435 166 103 de).
1010 1435 207 103 Brevet
1155 1435 166 103 sig.
1258 1435 207 103 Turin,
1382 1435 83 103 10

37 1498 357 66 mai.
261 1498 536 66 (In-fol.
663 1498 715 66 parchemin.).
1244 1498 223 66 2
1288 1498 179 66 50

18 1533 179 85 4675.
137 1533 338 85 Savoie
416 1533 358 85 (Victor-Amédée
714 1533 159 85 III,
814 1533 139 85 duc
893 1533 159 85 de).
993 1533 119 85 L.
1052 1533 179 85 sig.,
1172 1533 119 85 au
1231 1533 139 85 duc
1311 1533 119 85 de
1351 1533 119 85 Pen

60 1588 287 72 thièvre.
275 1588 239 72 Turin,
442 1588 143 72 20
514 1588 263 72 janvier
705 1588 215 72 1781.
849 1588 119 72 1
896 1588 143 72 p.
968 1588 263 72 in-fol.
1159 1588 263 72 Cachet.
1351 1588 119 72 2
1374 1588 96 72 50

26 1655 173 75 4676.
141 1655 327 75 Savoie
411 1655 192 75 (Louis
545 1655 154 75 de).
642 1655 115 75 L.
699 1655 173 75 sig.,
815 1655 96 75 à
853 1655 154 75 M...
949 1655 192 75 Turin,
1084 1655 115 75 25
1142 1655 173 75 avril
1257 1655 173 75 1773,
1373 1655 96 75 1
1392 1655 77 75 p.

-71 1694 1387 72 in-4.
854 1694 771 72 2
1008 1694 462 72 »

108 1728 130 80 En
173 1728 216 80 faveur
325 1728 130 80 de
389 1728 130 80 la
454 1728 259 80 comtesse
649 1728 130 80 de
714 1728 389 80 Saint-Maurice,
1038 1728 130 80 sa
1103 1728 173 80 sœur
1190 1728 259 80 naturelle.

22 1785 174 68 4677.
138 1785 329 68 Savoie
408 1785 193 68 (M.-S.
544 1785 232 68 Maphise,
718 1785 232 68 duchesse
892 1785 271 68 douairière
1105 1785 155 68 de).
1201 1785 116 68 L.
1259 1785 155 68 aut.
1337 1785 135 68 sig.,

66 1829 105 77 à
108 1829 126 77 la
171 1829 210 77 Reine.
318 1829 210 77 Turin,
466 1829 126 77 15
529 1829 168 77 mars
634 1829 189 77 1699.
760 1829 105 77 1
802 1829 126 77 p.
865 1829 189 77 in-4.
991 1829 252 77 Cachets.
1181 1829 294 77 Mouillures
1391 1829 84 77 et

54 1889 330 64 petite
285 1889 429 64 déchirure
615 1889 264 64 près
780 1889 198 64 de
878 1889 198 64 la
977 1889 462 64 signature.
1340 1889 165 64 6
1373 1889 99 64 »

25 1927 189 73 4678.
151 1927 357 73 Savoie
445 1927 672 73 (Marie-Antoinette-Ferdinande
1053 1927 294 73 d’Espagne,
1284 1927 189 73 femme
1389 1927 84 73 de

65 1977 369 83 Victor-Amédée
369 1977 174 83 III,
478 1977 174 83 de).
586 1977 130 83 L.
651 1977 195 83 sig.,
782 1977 130 83 au
847 1977 152 83 duc
933 1977 130 83 de
999 1977 326 83 Penthièvre.
1259 1977 217 83 Turin,
1389 1977 87 83 14

55 2017 363 83 janvier
319 2017 297 83 1748.
517 2017 363 83 Demi-p.
782 2017 363 83 in-fol.
1046 2017 363 83 Cachet.
1310 2017 165 83 2
1343 2017 132 83 60

28 2091 189 65 4679.
154 2091 357 65 Savoie
447 2091 608 65 (Marie-Joséphine-Louise),
993 2091 189 65 femme
1119 2091 126 65 du
1181 2091 189 65 comte
1307 2091 126 65 de
1349 2091 126 65 Pro-

69 2111 207 75 vence,
214 2111 207 75 depuis
359 2111 186 75 Louis
483 2111 207 75 XVIII.
628 2111 186 75 Pièce
752 2111 165 75 sig.
855 2111 228 75 Janvier
1021 2111 186 75 1780.
1145 2111 103 75 1
1186 2111 124 75 p.
1248 2111 186 75 in-4.
1373 2111 103 75 2
1393 2111 83 75 50

118 2164 173 76 Elle
226 2164 173 76 prie
334 2164 129 76 M.
399 2164 237 76 Necker,
572 2164 281 76 directeur
787 2164 237 76 général
960 2164 151 76 des
1046 2164 324 76 finances...
1284 2164 194 76 d’avoir

71 2221 201 66 égard
205 2221 112 66 à
249 2221 156 66 ses
339 2221 290 66 demandes,
562 2221 357 66 relativement
853 2221 112 66 à
897 2221 134 66 sa
964 2221 223 66 maison
1121 2221 134 66 de
1165 2221 313 66 Roquencourt.

30 2258 189 81 4680.
156 2258 378 81 Sémellé
471 2258 147 81 (le
555 2258 273 81 général),
765 2258 294 81 commandant
996 2258 189 81 l’une
1122 2258 147 81 des
1206 2258 273 81 divisions
1395 2258 84 81 de

70 2307 195 79 jeune
201 2307 195 79 garde
331 2307 304 79 impériale.
569 2307 130 79 L.
635 2307 174 79 aut.
743 2307 174 79 sig.
852 2307 109 79 7
895 2307 174 79 nov.
1004 2307 195 79 1834.
1134 2307 109 79 1
1177 2307 130 79 p.
1242 2307 195 79 in-4.
1372 2307 109 79 1
1394 2307 87 79 50

30 2351 189 79 4681.
156 2351 358 79 Serres
451 2351 273 79 (Hercule,
661 2351 189 79 comte
787 2351 168 79 de),
892 2351 252 79 ministre
1081 2351 126 79 de
1145 2351 126 79 la
1208 2351 252 79 justice.
1376 2351 105 79 Son

73 2412 250 75 serment
255 2412 205 75 comme
392 2412 296 75 président
619 2412 182 75 d’un
733 2412 250 75 collège
915 2412 318 75 électoral.
1165 2412 227 75 Paris,
1324 2412 114 75 8
1347 2412 136 75 août

34 2452 566 76 1815.
411 2452 314 76 1
537 2452 377 76 p.
726 2452 692 76 in-fol.
1229 2452 314 76 2
1291 2452 189 76 »

33 2487 195 89 4682.
163 2487 411 89 Sérurier
509 2487 260 89 maréchal
704 2487 130 89 de
769 2487 281 89 l’empire,
985 2487 281 89 sénateur.
1202 2487 130 89 L.
1267 2487 173 89 aut.
1353 2487 130 89 sig.

75 2546 231 76 Paris,
237 2546 139 76 18
306 2546 277 76 pluviôse
514 2546 139 76 an
583 2546 139 76 X.
652 2546 116 76 1
699 2546 139 76 p.
768 2546 139 76 et
837 2546 231 76 demie.
999 2546 208 76 in-4.
1138 2546 300 76 Curieuse.
1369 2546 116 76 2
1392 2546 92 76 50

35 2591 189 86 4683.
161 2591 441 86 Silhouette
539 2591 252 86 (Etienne
728 2591 168 86 de),
833 2591 294 86 contrôleur
1064 2591 231 86 général
1232 2591 126 86 et
1274 2591 210 86 ministre

78 2647 234 66 d’Etat.
248 2647 128 66 L.
312 2647 170 66 aut.
419 2647 192 66 sig.,
546 2647 107 66 à
589 2647 128 66 M.
653 2647 277 66 Trudaine.
866 2647 107 66 5
909 2647 192 66 sept.
1037 2647 192 66 1749.
1164 2647 107 66 1
1207 2647 128 66 p.
1271 2647 192 66 in-4.
1399 2647 107 66 3
1420 2647 64 66 »

38 2686 167 96 4684.
150 2686 297 96 Soulié
391 2686 279 96 (Frédéric),
614 2686 297 96 littérateur.
856 2686 186 96 Billet
986 2686 149 96 aut.
1078 2686 167 96 sig.,
1190 2686 93 96 à
1227 2686 111 96 M.
1283 2686 111 96 P.
1320 2686 167 96 Lacroix

71 2742 314 104 Paris,
290 2742 188 104 25
385 2742 377 104 novembre
667 2742 283 104 1837.
856 2742 408 104 Demi-page
1170 2742 283 104 in-8.
1358 2742 157 104 5
1390 2742 94 104 »
