1124 2256
471 30 97 45 —
509 30 97 45 3
529 30 58 45 —

146 67 266 76 Recommandation
368 67 89 76 en
412 67 148 76 faveur
516 67 89 76 de
560 67 89 76 M.
604 67 118 76 Bail
678 67 222 76 (publiciste
856 67 207 76 français),
1003 67 89 76 pour

114 129 140 45 lequel
212 129 84 45 il
254 129 182 45 sollicite
393 129 140 45 oubli,
491 129 126 45 bonté
575 129 84 45 et
617 129 210 45 demi-solde.
785 129 154 45 «Croyez
896 129 98 45 que
952 129 112 45 vous
1008 129 84 45 n’a-

111 167 107 51 vez
172 167 137 51 point
263 167 91 51 de
309 167 198 51 serviteur
461 167 122 51 plus
537 167 152 51 dévoué
644 167 107 51 que
705 167 137 51 votre
796 167 198 51 compagnon
949 167 91 51 de
979 167 122 51 voyage

109 188 87 62 de
152 188 130 62 Gand,
238 188 87 62 et
282 188 101 62 que
339 188 130 62 votre
426 188 173 62 collègue
556 188 87 62 de
599 188 87 62 la
643 188 159 62 Chambre
758 188 101 62 des
801 188 159 62 pairs...»

117 216 124 63 19509
200 216 179 63 CHÉRUBINI
337 216 124 63 (L.),
420 216 151 63 célèbre
530 216 206 63 compositeur
695 216 83 63 de
736 216 165 63 musique,
860 216 138 63 membre
956 216 83 63 de
984 216 110 63 l’Ins-

114 266 130 44 titut.
205 266 117 44 L.
283 266 130 44 a
375 266 78 44 s.
414 266 65 44 à
440 266 78 44 M.
479 266 170 44 Lebreton,
609 266 183 44 secrétaire
753 266 170 44 perpétuel
883 266 78 44 de
922 266 78 44 la
949 266 143 44 quatrième

113 299 126 49 classe
202 299 76 49 de
239 299 189 49 l’Institut;
390 299 126 49 Paris,
479 299 63 49 9
504 299 101 49 oct.
567 299 113 49 1813,
642 299 63 49 1
667 299 76 49 p.
705 299 113 49 in-4.
781 299 63 49 6
793 299 38 49 »

141 322 91 62 Ne
186 322 167 62 voulant
307 322 106 62 pas
368 322 151 62 lutter
474 322 121 62 avec
550 322 91 62 un
595 322 167 62 artiste
716 322 91 62 du
762 322 151 62 mérite
868 322 91 62 et
913 322 91 62 de
959 322 136 62 l’âge
1034 322 61 62 de

115 372 90 37 M.
160 372 195 37 Monsigny,
310 372 105 37 «je
370 372 135 37 prie,
460 372 165 37 dit-il,
580 372 195 37 Messieurs
729 372 105 37 les
789 372 165 37 membres
909 372 90 37 de
954 372 90 37 la
984 372 120 37 classe

118 406 97 42 jui
173 406 194 42 pourroient
326 406 124 42 avoir
409 406 207 42 l’intention
575 406 83 42 de
616 406 194 42 m’accorder
768 406 124 42 leurs
851 406 194 42 suffrages,
1003 406 83 42 de
1031 406 69 42 les

115 443 146 36 réunir
218 443 102 36 sur
276 443 88 36 le
320 443 131 36 doyen
407 443 102 36 des
466 443 233 36 compositeurs
655 443 190 36 français,
801 443 117 36 afin
874 443 131 36 qu’il
962 443 117 36 soit
1020 443 73 36 élu

109 475 127 53 comme
194 475 85 53 il
236 475 85 53 le
278 475 155 53 mérite,
391 475 226 53 c’est-à-dire
574 475 71 53 à
588 475 212 53 l’unanimité.»

118 496 114 77 19510
194 496 114 77 CHEVÉ
270 496 151 77 (Émile),
383 496 139 77 célèbre
484 496 214 77 vulgarisateur
661 496 76 77 de
699 496 76 77 la
737 496 139 77 musique
838 496 76 77 en
875 496 164 77 chiffres.
989 496 63 77 L<.

121 548 67 44 a.
154 548 78 44 s.;
199 548 101 44 1855,
266 548 56 44 1
289 548 67 44 p.
322 548 101 44 in-4.
389 548 56 44 1
400 548 45 44 75

124 570 111 56 19511
198 570 111 56 CONDÉ
271 570 123 56 (Louis
358 570 74 56 II
394 570 74 56 de
431 570 148 56 BOURBON,
542 570 123 56 prince
628 570 98 56 de),
690 570 86 56 dit
739 570 74 56 le
776 570 160 56 Grand.
899 570 74 56 L.
936 570 86 56 ai.
985 570 98 56 si.,
1034 570 62 56 1/2

117 621 77 48 p.
156 621 115 48 in-4.
232 621 115 48 Léger
309 621 205 48 raccommodage
475 621 205 48 n’atteignant
641 621 89 48 pas
692 621 77 48 le
731 621 128 48 texte.
820 621 77 48 12
846 621 51 48 >»

118 657 119 59 19512
197 657 171 59 CORVISART
329 657 92 59 (J.
381 657 105 59 N.),
447 657 145 59 premier
553 657 145 59 médecin
658 657 79 59 de
698 657 158 59 Napoléon
816 657 105 59 Ier.
882 657 119 59 Pièce
961 657 119 59 a
1027 657 79 59 si.,

116 700 106 48 sig.
182 700 120 48 aussi
262 700 93 48 par
315 700 226 48 Hallé;
501 700 133 48 Paris,
595 700 80 48 26
634 700 160 48 pluviôse
754 700 80 48 an
794 700 80 48 X,
834 700 67 48 2
861 700 80 48 p.
900 700 93 48 pl.
954 700 120 48 in-4.
1033 700 67 48 4
1047 700 53 48 50

145 735 102 46 Ils
204 735 204 46 certifient
364 735 102 46 que
422 735 87 46 le
466 735 160 46 citoyen
582 735 131 46 Louis
670 735 189 46 Bonaparte
815 735 102 46 est
874 735 160 46 attaqué
976 735 117 46 depuis

116 766 192 48 plusieurs
264 766 148 48 années
367 766 133 48 d’une
456 766 148 48 espèce
559 766 192 48 d’aridure
706 766 89 48 ou
751 766 236 48 dessèchement
928 766 162 48 très-

114 806 122 38 sible
196 806 95 38 des
250 806 109 38 deux
318 806 136 38 mains,
414 806 82 38 et
455 806 122 38 qu’il
536 806 95 38 lui
591 806 95 38 est
645 806 190 38 nécessaire
795 806 150 38 d’aller
904 806 109 38 dans
972 806 95 38 les
1012 806 82 38 pays

103 841 220 51 méridionaux
279 841 117 51 dont
353 841 88 51 la
396 841 220 51 température
572 841 88 51 le
616 841 191 51 soulagera
763 841 132 51 quant
851 841 88 51 au
895 841 161 51 présent
1012 841 88 51 et
1041 841 59 51 le

112 870 186 45 disposera
255 870 129 45 mieux
341 870 86 45 au
384 870 172 45 bienfait
513 870 100 45 des
556 870 100 45 eaux.

119 901 108 69 19513
191 901 72 69 DE
227 901 144 69 CANDOLLE
335 901 84 69 (A.
383 901 132 69 Pyramus
479 901 96 69 de),
539 901 132 69 célèbre
636 901 168 69 botaniste.
768 901 108 69 L.
840 901 120 69 a
924 901 84 69 s..
972 901 60 69 à
996 901 72 69 M.
1020 901 72 69 Cœf-

109 949 110 44 fier:
182 949 196 44 Montpellier,
341 949 61 44 3
366 949 122 44 juill.
452 949 110 44 1815,
525 949 61 44 2
550 949 73 44 p.
586 949 86 44 1/2
635 949 110 44 in-4.
709 949 61 44 5
721 949 49 44 50

145 968 170 60 Curieuse
272 968 142 60 lettre
371 968 113 60 dans
442 968 170 60 laquelle
569 968 85 60 il
612 968 113 60 rend
683 968 142 60 compte
782 968 85 60 de
824 968 255 60 l’échauffourée
1022 968 71 60 des

120 1024 136 43 erdets
216 1024 68 43 à
243 1024 218 43 Montpellier.
420 1024 218 43 Intéressants
584 1024 136 43 détails.

107 1040 125 74 19514
190 1040 181 74 DELAROCHE
329 1040 153 74 (Paul),
440 1040 153 74 célèbre
551 1040 153 74 peintre
663 1040 208 74 d’histoire,
829 1040 139 74 membre
926 1040 83 74 de
954 1040 139 74 l’Insti-

119 1089 76 55 tut.
166 1089 57 55 L.
194 1089 95 55 a
261 1089 66 55 s.,
298 1089 47 55 1
317 1089 57 55 p.
346 1089 85 55 in-8.
403 1089 47 55 2
412 1089 38 55 50

109 1114 126 58 19515
193 1114 181 58 DELAVIGNE
332 1114 195 58 (Casimir),
486 1114 154 58 célèbre
598 1114 126 58 poëte
681 1114 209 58 dramatique,
849 1114 84 58 de
891 1114 154 58 l’Acad.
1002 1114 98 58 fr.
1044 1114 56 58 L.

118 1169 106 51 a
193 1169 64 51 s.
224 1169 53 51 à
246 1169 64 51 M.
277 1169 127 51 Jouslin,
373 1169 53 51 1
394 1169 64 51 p.
426 1169 74 51 pl.
468 1169 95 51 in-4.
532 1169 53 51 4
543 1169 42 51 50

146 1187 79 66 Il
185 1187 145 66 apprend
291 1187 119 66 qu’on
370 1187 119 66 donne
449 1187 211 66 Louis
620 1187 79 66 YI
660 1187 66 66 à
686 1187 158 66 l’Odéon,
805 1187 79 66 et
845 1187 92 66 que
897 1187 105 66 Mlle
963 1187 119 66 Anaïs
1029 1187 66 66 est

107 1239 198 40 remplacée
259 1239 122 40 dans
335 1239 91 40 le
380 1239 122 40 rôle
456 1239 91 40 de
502 1239 152 40 Marie:
609 1239 91 40 il
654 1239 91 40 le
700 1239 122 40 prie
776 1239 91 40 en
821 1239 228 40 conséquence
1004 1239 91 40 de
1034 1239 61 40 ne

113 1280 99 40 pas
169 1280 184 40 permettre
311 1280 99 40 que
367 1280 85 40 ça
410 1280 198 40 renouvelle
565 1280 71 40 à
579 1280 156 40 l’avenir.

109 1293 125 65 19516
192 1293 111 65 DINO
261 1293 97 65 (la
317 1293 166 65 duchesse
441 1293 111 65 de),
511 1293 97 65 née
566 1293 180 65 princesse
704 1293 83 65 de
746 1293 194 65 Courlande,
898 1293 125 65 nièce
981 1293 83 65 et
1009 1293 83 65 amie

111 1350 73 38 du
147 1350 122 38 prince
233 1350 73 38 de
270 1350 183 38 Talleyrand.
417 1350 110 38 L.
490 1350 122 38 a
576 1350 73 38 s.
612 1350 61 38 à
637 1350 73 38 M.
673 1350 171 38 Dupertuis;
808 1350 110 38 Paris
881 1350 110 38 1827,
955 1350 61 38 3
967 1350 49 38 p.

111 1383 82 46 3/4
158 1383 106 46 in-8.
229 1383 106 46 Jolie
299 1383 71 46 et
335 1383 188 46 intéressante
487 1383 129 46 lettre.
581 1383 59 46 2
593 1383 47 46 50

103 1410 104 53 19517
173 1410 92 53 DORÉ
230 1410 161 53 (Gustave),
357 1410 127 53 célèbre
449 1410 184 53 dessinateur.
599 1410 104 53 L.
668 1410 92 53 a.
725 1410 81 53 s.,
771 1410 81 53 3/4
817 1410 69 53 de
852 1410 69 53 p.
886 1410 104 53 in-8.
955 1410 58 53 2
967 1410 46 53 50

109 1460 113 47 19518
185 1460 126 47 DUPONT
273 1460 163 47 (Pierre),
399 1460 189 47 chansonnier
549 1460 176 47 populaire.
688 1460 113 47 L.
763 1460 126 47 a
851 1460 88 47 s.,
901 1460 63 47 1
927 1460 75 47 p.
964 1460 88 47 pl.
1002 1460 88 47 in

1003 1498 90 44 2
1021 1498 72 44 25

109 1517 129 63 19519
195 1517 157 63 ESTRÉES
309 1517 100 63 (le
366 1517 129 63 comte
452 1517 114 63 Jean
524 1517 114 63 d’),
595 1517 215 63 vice-amiral
767 1517 86 63 et
810 1517 172 63 maréchal
939 1517 86 63 de
967 1517 129 63 France,

115 1580 168 47 vice-roi
241 1580 210 47 d’Amérique,
410 1580 196 47 gouverneur
564 1580 84 47 de
606 1580 182 47 Bretagne.
746 1580 126 47 L.
830 1580 126 47 a
915 1580 84 47 s.
957 1580 70 47 à
985 1580 84 47 M.
1013 1580 84 47 Des-

105 1606 187 41 clouzeaux;
251 1606 67 41 à
278 1606 107 41 bord
345 1606 80 41 du
385 1606 254 41 Sceptre
598 1606 80 41 10
638 1606 133 41 juill.
732 1606 120 41 1692,
812 1606 67 41 1
838 1606 80 41 p.
879 1606 93 41 pl.
932 1606 120 41 in-4.
999 1606 93 41 Belle

115 1634 134 44 lettre
208 1634 187 44 militaire.
356 1634 121 44 Joint
436 1634 94 44 une
490 1634 121 44 liste
570 1634 147 44 autogr.
677 1634 94 44 des
731 1634 174 44 vaisseaux
864 1634 121 44 qu’il
945 1634 94 44 est
998 1634 94 44 bon
1038 1634 54 44 de

124 1672 117 49 réparer.
212 1672 49 49 6
222 1672 29 49 »

115 1703 123 54 19520
197 1703 136 54 FABERT
293 1703 191 54 (Abraham),
443 1703 164 54 maréchal
565 1703 82 54 de
606 1703 150 54 France,
715 1703 164 54 illustre
838 1703 164 54 guerrier
961 1703 82 54 du
988 1703 109 54 siècle

248 1747 70 39 de
283 1747 106 39 Louis
354 1747 94 39 XIV.
413 1747 106 39 L.
483 1747 117 39 a
565 1747 70 39 s.
601 1747 59 39 à
624 1747 82 39 Mgr
671 1747 82 39 (le
718 1747 141 39 cardinal
824 1747 153 39 Mazarin);
941 1747 117 39 Sédan,
1024 1747 70 39 14
1047 1747 47 39 de

112 1779 112 49 l’an
182 1779 126 49 1657,
266 1779 70 49 2
294 1779 84 49 p.
336 1779 154 49 in-fol.
448 1779 196 49 Légèrement
602 1779 140 49 rognée
700 1779 196 49 au-dessous
854 1779 84 49 de
896 1779 84 49 la
924 1779 168 49 signature.

999 1813 56 41 20
1017 1813 28 41 »

140 1837 166 61 Relative
264 1837 83 61 au
306 1837 152 61 callier
416 1837 97 61 des
471 1837 166 61 plaintes
595 1837 97 61 que
651 1837 110 61 font
720 1837 83 61 au
761 1837 97 61 roi
816 1837 97 61 les
871 1837 179 61 habitants
1009 1837 83 61 de
1037 1837 55 61 la

107 1887 164 47 religion
230 1887 177 47 prétendue
366 1887 164 47 réformée
489 1887 82 47 de
530 1887 123 47 Metz.
612 1887 82 47 Il
653 1887 68 47 y
680 1887 68 47 a
707 1887 82 47 si
748 1887 177 47 longtemps
884 1887 123 47 qu’il
966 1887 68 47 a
980 1887 109 47 quitté

105 1917 131 47 cette
193 1917 131 47 ville
280 1917 131 47 qu’il
368 1917 190 47 n’oserait
514 1917 117 47 rien
587 1917 87 47 en
630 1917 131 47 dire.
718 1917 190 47 Nouvelles
864 1917 102 47 des
922 1917 117 47 blés
995 1917 102 47 que
1039 1917 58 47 le

113 1949 181 54 cardinal
249 1949 136 54 avait
339 1949 166 54 ordonné
459 1949 211 54 d’acheter.
625 1949 151 54 Traité
731 1949 196 54 d’échange
881 1949 121 54 fait
956 1949 121 54 avec
1017 1949 75 54 Ro-

106 1992 114 44 croy
163 1992 85 44 etc.

116 2002 112 79 19521
190 2002 112 79 FAURE
265 2002 150 79 (Jules),
377 2002 75 79 un
415 2002 87 79 des
465 2002 162 79 meilleurs
590 2002 162 79 chanteurs
714 2002 75 79 de
752 2002 150 79 l’Opéra.
864 2002 112 79 L.
939 2002 100 79 a.
1001 2002 87 79 s.,
1039 2002 62 79 3/4

111 2063 65 50 de
144 2063 65 50 p.
176 2063 108 50 in-8.1
241 2063 43 50 25

120 2091 104 59 19522
190 2091 139 59 FEUILLET
294 2091 150 59 (Octave),
409 2091 115 59 auteur
490 2091 173 59 dramatique,
628 2091 69 59 de
663 2091 127 59 l’Acad.
755 2091 81 59 fr.
802 2091 104 59 L.
871 2091 81 59 a
917 2091 81 59 s.,
963 2091 58 59 1
975 2091 46 59 p.

120 2143 88 42 in-12.
182 2143 44 42 2
191 2143 26 42 »

17 2169 121 62 19523
97 2169 187 62 FILANGIERI
244 2169 174 62 (Gaëtan),
378 2169 187 62 l’illustre
526 2169 134 62 auteur
619 2169 80 62 de
659 2169 80 62 la
700 2169 187 62 Science
847 2169 80 62 de
887 2169 80 62 la
914 2169 174 62 législa
