1183 2234
122 56 110 50 19575
195 56 231 50 MIOLAN-CARVALHO
390 56 122 50 (Mme),
475 56 134 50 célèbre
572 56 183 50 cantatrice.
719 56 110 50 L.
792 56 73 50 a.
828 56 122 50 s.
913 56 61 50 à
938 56 73 50 M.
962 56 134 50 Crosnier,

147 97 40 50 2
163 97 48 50 p.
187 97 71 50 in-8.
234 97 40 50 2
242 97 24 50 »

124 135 125 52 19576
208 135 209 52 MONTPENSIER
375 135 223 52 (Anne-Louise
555 135 195 52 d’ORLÉANS,
708 135 167 52 duchesse
834 135 111 52 de),
903 135 125 52 fille
987 135 83 52 de
1015 135 83 52 Gas-

125 178 95 42 on,
180 178 108 42 dite
247 178 122 42 la
328 178 135 42 Grande
423 178 230 42 Mademoiselle.
613 178 81 42 L.
653 178 81 42 a.
694 178 135 42 s.
789 178 68 42 à
816 178 162 42 Colbert;
924 178 176 42 Versailles,

119 212 60 49 7
143 212 121 49 avril,
228 212 60 49 2
252 212 73 49 p.
288 212 85 49 pl.
336 212 109 49 in-4,
409 212 121 49 traces
494 212 73 49 de
530 212 145 49 cachets.
639 212 73 49 24
663 212 36 49 »

147 245 164 47 Relative
270 245 68 47 à
298 245 96 47 des
352 245 205 47 réparations
516 245 68 47 à
544 245 123 47 faire
626 245 82 47 au
667 245 109 47 pont
735 245 82 47 de
762 245 219 47 Châtellerault.

124 285 107 44 19577
195 285 142 44 MORGAGNI
302 285 83 44 (J.
349 285 95 44 B.),
409 285 142 44 illustre
515 285 166 44 anatomiste
646 285 142 44 italien.
752 285 107 44 L.
824 285 71 44 a.
859 285 119 44 s.
942 285 59 44 à
966 285 71 44 la
989 285 119 44 comtesse

121 323 176 43 Fattiboni;
260 323 126 43 Forli,
348 323 63 43 8
373 323 101 43 août
436 323 113 43 1749,
511 323 63 43 2
536 323 75 43 p.
574 323 138 43 in-fol.
675 323 113 43 Belle
750 323 138 43 lettre.
851 323 63 43 8
863 323 38 43 »

127 347 102 76 19578
194 347 113 76 MORLOT
273 347 79 76 (le
319 347 124 76 card.),
409 347 158 76 archevêque
533 347 68 76 de
567 347 113 76 Paris.
646 347 102 76 L.
714 347 68 76 a.
748 347 113 76 s.
827 347 56 76 à
849 347 79 76 MM.
895 347 113 76 Lagny.
962 347 68 76 édi-

119 402 126 38 teurs;
207 402 113 38 Tours
283 402 113 38 1856,
358 402 63 38 1
383 402 75 38 p.
421 402 88 38 3/4
471 402 113 38 in-4.
546 402 63 38 2
559 402 50 38 75

127 424 97 63 19579
192 424 108 63 MULLER
267 424 108 63 (Ch.),
343 424 118 63 peintre
429 424 129 63 célèbre,
526 424 108 63 membre
601 424 65 63 de
633 424 161 63 l’Institut.
762 424 97 63 L.
827 424 65 63 a.
859 424 118 63 s.
935 424 75 63 1850.

129 476 71 48 3/4
170 476 61 48 de
200 476 61 48 p.
231 476 102 48 in-12.
302 476 51 48 1
312 476 41 48 75

127 502 99 67 19580
193 502 132 67 MURATORI
292 502 77 67 (L.
336 502 110 67 Ant.),
413 502 121 67 célèbre
501 502 165 67 antiquaire.
634 502 99 67 L.
700 502 66 67 a.
733 502 110 67 s
810 502 66 67 en
843 502 110 67 latin,
920 502 55 67 à
942 502 66 67 G.
964 502 66 67 Wal-

313 554 60 55 chius;
355 554 54 55 1749,
391 554 30 55 1
403 554 36 55 p.
420 554 42 55 pl.
444 554 54 55 in-4.
480 554 30 55 3
486 554 18 55 »

130 592 110 46 19581
203 592 135 46 NAIGEON
301 592 86 46 (J.
350 592 135 46 André),
448 592 135 46 célèbre
546 592 184 46 philosophe,
693 592 123 46 membre
779 592 74 46 de
816 592 184 46 l’Institut.
951 592 74 46 Con-

131 630 133 34 vention
228 630 109 34 a.
301 630 121 34 s.
386 630 97 34 avec
446 630 73 34 M.
483 630 170 34 Panckouke,
616 630 97 34 pour
677 630 73 34 la
713 630 158 34 rédaction
834 630 73 34 du
858 630 243 34 Dictionnaire

128 662 108 55 le
200 662 180 55 philosophie
344 662 144 55 ancienne
452 662 72 55 et
488 662 192 55 moderne;
643 662 120 55 Paris,
727 662 60 55 3
751 662 108 55 avril
823 662 108 55 1789,
895 662 60 55 1
919 662 72 55 p.
943 662 60 55 1/4

132 688 65 49 in-4.
175 688 36 49 6
182 688 22 49 »

128 736 101 50 19582
195 736 124 50 NEMOURS
285 736 112 50 (Louis
364 736 157 50 d’ORLÉANS,
488 736 79 50 duc
533 736 90 50 de),
589 736 90 50 fils
645 736 67 50 de
679 736 214 50 Louis-Philippe.
859 736 101 50 L.
915 736 101 50 a.

122 776 78 44 s.
161 776 78 44 au
200 776 220 44 capitaine...;
381 776 181 44 Tuileries,
523 776 78 44 26
562 776 90 44 mai
613 776 116 44 1839,
691 776 65 44 1
717 776 78 44 p.
755 776 116 44 in-8.
833 776 116 44 Jolie
898 776 116 44 lettre.

1023 806 81 46 4
1039 806 65 46 50

130 824 119 66 19583
209 824 159 66 NOAILLES
328 824 159 66 (Antoine
448 824 106 66 de),
514 824 132 66 amiral
607 824 79 66 de
646 824 146 66 France,
752 824 146 66 célèbre
858 824 185 66 diplomate,
1004 824 93 66 qui
1044 824 66 66 né-

129 884 118 40 gocia
208 884 79 40 la
247 884 118 40 trève
326 884 79 40 de
365 884 184 40 Vaucelles,
509 884 184 40 gouverneur
653 884 79 40 de
693 884 170 40 Bordeaux.
824 884 118 40 L.
902 884 144 40 s.
1007 884 105 40 avec
1060 884 52 40 la

119 919 204 43 souscript.
279 919 131 43 aut.,
367 919 73 43 à
396 919 87 43 M.
439 919 87 43 de
483 919 247 43 Champetières,
686 919 145 43 maître
788 919 160 43 d’hôtel
904 919 87 43 du
948 919 102 43 yte
1006 919 87 43 de
1035 919 73 43 Tu-

126 945 134 53 renne;
219 945 80 53 La
259 945 120 53 Fage,
339 945 67 53 3
366 945 120 53 avril
446 945 120 53 1558,
526 945 67 53 1
553 945 80 53 p.
593 945 147 53 in-fol.
700 945 120 53 Belle
780 945 134 53 pièce.
874 945 214 53 Rare
1047 945 67 53 5
1061 945 53 53 50

160 982 167 44 Relative
285 982 69 44 à
313 982 97 44 une
368 982 125 44 dette
452 982 97 44 que
507 982 83 44 le
549 982 153 44 vicomte
660 982 125 44 avait
743 982 194 44 contractée
896 982 139 44 envers
979 982 83 44 lui.

128 1024 106 44 19584
199 1024 118 44 NODIER
281 1024 106 44 (Ch.)
352 1024 141 44 écrivain
458 1024 118 44 fécond
541 1024 71 44 et
576 1024 153 44 original,
694 1024 71 44 de
729 1024 130 44 l’Acad.
824 1024 83 44 fr.
871 1024 106 44 L.
942 1024 71 44 a.
977 1024 118 44 s.
1048 1024 35 44 à

134 1062 108 56 M...;
206 1062 120 56 Paris,
289 1062 72 56 28
325 1062 120 56 juill.
409 1062 108 56 1831,
481 1062 60 56 1
505 1062 72 56 p.
541 1062 84 56 pl.
588 1062 108 56 in-4.
660 1062 60 56 5
672 1062 36 56 »

168 1102 205 37 Très-curieuse
337 1102 120 37 lettre
421 1102 84 37 sur
469 1102 84 37 des
517 1102 241 37 noticules
722 1102 108 37 qu’il
794 1102 60 37 a
818 1102 132 37 données
914 1102 60 37 à
938 1102 144 37 Ladvocat
1035 1102 72 37 pour

133 1138 141 39 insérer
236 1138 103 39 dans
300 1138 90 39 les
351 1138 231 39 Débats
544 1138 205 39 Désagréments
711 1138 90 39 qui
762 1138 77 39 en
801 1138 167 39 résultent
929 1138 103 39 pour
993 1138 103 39 lui.
1045 1138 64 39 «Je

132 1170 117 40 vous
206 1170 146 40 aurais
308 1170 146 40 grande
410 1170 205 40 obligation
571 1170 88 40 de
615 1170 88 40 me
659 1170 146 40 prêter
762 1170 117 40 pour
835 1170 176 40 quelques
967 1170 132 40 jours
1040 1170 73 40 ces

133 1205 176 44 paperasses
271 1205 276 44 saint-simoniennes,
510 1205 113 44 parce
585 1205 88 44 que
635 1205 138 44 j’écris
736 1205 75 44 un
773 1205 151 44 article:
886 1205 125 44 Des
961 1205 151 44 sectes

130 1239 228 40 religieuses
320 1239 76 40 et
358 1239 228 40 philosophiques
548 1239 76 40 au
586 1239 203 40 dix-neuvième
751 1239 190 40 siècle,
903 1239 76 40 et
941 1239 89 40 que
991 1239 101 40 j’en
1042 1239 76 40 veux

132 1266 146 39 parler
235 1266 88 39 en
278 1266 234 39 connaissance
468 1266 88 39 de
498 1266 131 39 cause.»

137 1292 123 60 19585
219 1292 151 60 NOURRIT
329 1292 192 60 (Adolphe),
479 1292 151 60 célèbre
589 1292 164 60 chanteur
712 1292 82 60 de
753 1292 164 60 l’Opéra,
876 1292 109 60 mort
945 1292 96 60 par
986 1292 123 60 suicide

154 1348 63 47 à
180 1348 138 47 Naples.
280 1348 113 47 L.
355 1348 75 47 a.
392 1348 125 47 s.
480 1348 63 47 à
505 1348 75 47 M.
543 1348 125 47 Véron;
630 1348 150 47 Londres,
743 1348 75 47 21
780 1348 100 47 juin
843 1348 113 47 1832,
918 1348 63 47 2
943 1348 75 47 p.
981 1348 88 47 1/2
1018 1348 88 47 in

1031 1380 63 35 7
1044 1380 38 35 »

161 1398 82 64 Il
202 1398 96 64 lui
257 1398 110 64 fait
326 1398 110 64 part
395 1398 82 64 de
436 1398 110 64 tous
505 1398 96 64 les
560 1398 137 64 ennuis
656 1398 96 64 qui
711 1398 96 64 lui
766 1398 110 64 sont
834 1398 179 64 survenus.
972 1398 137 64 «Quand
1054 1398 55 64 je

129 1454 116 41 vous
201 1454 145 41 disais
302 1454 101 41 que
360 1454 87 41 je
404 1454 174 41 désirais
534 1454 159 41 presque
650 1454 101 41 que
708 1454 116 41 vous
781 1454 87 41 ne
824 1454 246 41 consentissiez
1027 1454 101 41 pas
1071 1454 43 41 à

128 1493 82 38 me
169 1493 150 38 laisser
278 1493 109 38 plus
347 1493 177 38 longtemps
483 1493 68 38 à
510 1493 164 38 Londres,
633 1493 150 38 j’avais
743 1493 82 38 un
783 1493 232 38 pressentiment
975 1493 82 38 de
1002 1493 109 38 toutes

135 1523 84 40 es
177 1523 223 40 contrariétés
358 1523 97 40 qui
414 1523 251 40 m’attendaient.
623 1523 223 40 Inquiétudes,
804 1523 181 40 chagrins,
943 1523 139 40 pertes
1026 1523 84 40 d’a-

132 1557 121 46 mis,
208 1557 182 46 embarras
344 1557 91 46 et
390 1557 152 46 ennuis
496 1557 91 46 de
541 1557 136 46 toute
632 1557 167 46 espèce,
753 1557 136 46 voilà
844 1557 212 46 l’histoire
1011 1557 91 46 de
1041 1557 76 46 mon

136 1588 138 46 voyage
233 1588 83 46 en
274 1588 249 46 Angleterre...»
482 1588 152 46 Détails
579 1588 207 46 intéressants.

134 1604 98 64 19586
200 1604 66 64 LE
232 1604 98 64 MÊME.
298 1604 98 64 L.
363 1604 66 64 a.
396 1604 120 64 s.
484 1604 98 64 Paris
549 1604 98 64 1824,
615 1604 55 64 1
636 1604 66 64 p.
669 1604 76 64 1/2
713 1604 98 64 in-8.
778 1604 98 64 Jolie
844 1604 120 64 lettre.
931 1604 55 64 2
942 1604 44 64 75

140 1666 110 50 19587
213 1666 134 50 ORLÉANS
311 1666 146 50 (Gaston,
420 1666 85 50 duc
469 1666 98 50 d’),
530 1666 110 50 frère
603 1666 73 50 de
640 1666 110 50 Louis
713 1666 110 50 XIII.
787 1666 110 50 L.
860 1666 73 50 a.
896 1666 122 50 s.
982 1666 61 50 à
1006 1666 85 50 son
1043 1666 73 50 cou-

136 1703 138 56 sin...;
237 1703 126 56 Blois,
325 1703 63 56 3
350 1703 101 56 août
413 1703 113 56 1641,
488 1703 63 56 1
514 1703 75 56 p.
551 1703 113 56 in-4.
627 1703 113 56 Belle
702 1703 138 56 lettre.
803 1703 63 56 9
815 1703 38 56 »

145 1738 90 53 19588
205 1738 110 53 ORLÉANS
285 1738 140 53 (Philippe,
394 1738 70 53 duc
434 1738 80 53 d’),
484 1738 90 53 frère
544 1738 100 53 unique
614 1738 60 53 de
644 1738 90 53 Louis
704 1738 80 53 XIV.
753 1738 90 53 L.
813 1738 60 53 a.
833 1738 80 53 s.

137 1788 229 40 Fontainebleau,
328 1788 76 40 19
366 1788 152 40 octobre,
480 1788 63 40 1
505 1788 76 40 p.
544 1788 89 40 1/2
594 1788 114 40 in-4.
671 1788 76 40 18
696 1788 38 40 »

164 1816 153 47 Annonce
276 1816 84 47 de
317 1816 84 47 la
359 1816 112 47 mort
429 1816 84 47 de
471 1816 84 47 sa
513 1816 139 47 petite
596 1816 112 47 fille.

136 1844 104 71 19589
206 1844 115 71 POMARÉ
287 1844 81 71 (la
333 1844 127 71 reine).
425 1844 104 71 L.
494 1844 69 71 a.
529 1844 127 71 s.
621 1844 92 71 avec
679 1844 162 71 traduction
806 1844 162 71 française;
933 1844 139 71 Papeïti,
1037 1844 58 71 4
1049 1844 69 71 jan-

138 1902 98 46 vier,
204 1902 76 46 1/2
247 1902 65 46 p.
280 1902 98 46 in-8.
345 1902 55 46 3
356 1902 33 46 »

140 1936 122 54 19590
222 1936 162 54 POMPONNE
343 1936 149 54 (l’abbé
451 1936 122 54 Henri
532 1936 149 54 ARNAULD
640 1936 108 54 de),
708 1936 176 54 diplomate
843 1936 162 54 célèbre,
964 1936 81 54 de
991 1936 122 54 l’Acad.

137 1978 82 45 des
184 1978 200 45 inscriptions.
349 1978 106 45 L.
419 1978 70 45 a.
454 1978 117 45 s.
536 1978 59 45 à
560 1978 129 45 Mme...;
654 1978 70 45 30
689 1978 141 45 juillet,
795 1978 59 45 4
818 1978 70 45 p.
853 1978 82 45 pl.
900 1978 106 45 in-4.
959 1978 82 45 Belle

145 2018 71 39 lettre.
196 2018 32 39 4
202 2018 26 39 50

42 2045 105 60 19591
112 2045 128 60 PRADIER
205 2045 105 60 (J.),
275 2045 116 60 habile
356 2045 163 60 sculpteur,
484 2045 70 60 de
518 2045 174 60 l’Institut.
658 2045 105 60 L.
727 2045 70 60 a.
762 2045 128 60 s.
855 2045 81 60 3/4
902 2045 70 60 de
936 2045 70 60 p.
960 2045 81 60 in

1038 2084 80 40 1
1054 2084 64 40 75

134 2127 119 45 19592
213 2127 145 45 PRASLIN
318 2127 92 45 (le
371 2127 92 45 duc
424 2127 79 45 de
463 2127 198 45 Choiseuil),
621 2127 105 45 pair
687 2127 79 45 de
727 2127 145 45 France,
832 2127 158 45 assassin
951 2127 79 45 de
990 2127 79 45 sa
1017 2127 105 45 femme.

128 2161 94 54 L.
190 2161 63 54 a.
221 2161 115 54 s.
305 2161 94 54 1828,
367 2161 52 54 1
388 2161 63 54 p.
420 2161 73 54 1/2
461 2161 94 54 in-8.
524 2161 52 54 2
534 2161 42 54 50
