1221 2238
500 -13 115 66 —
546 -13 115 66 5
569 -13 69 66 —

42 55 117 52 19543
120 55 104 52 KOCK
185 55 117 52 (Paul
264 55 104 52 de),
329 55 170 52 romancier
460 55 183 52 populaire.
603 55 117 52 L.
681 55 130 52 a
773 55 104 52 s.i.
838 55 65 52 à
864 55 78 52 M.
903 55 183 52 Sartorius;
1034 55 78 52 1863

144 96 55 47 1
166 96 55 47 p
188 96 77 47 pl.
232 96 99 47 in-8.
298 96 99 47 Jolie
363 96 121 47 lettre.
451 96 55 47 2
462 96 44 47 25

141 134 109 48 19544
214 134 145 48 LABLACHE
322 134 109 48 (L.),
395 134 133 48 célèbre
492 134 145 48 chanteur
601 134 73 48 du
637 134 242 48 Théâtre-Italien.
843 134 109 48 L.
915 134 97 48 a
976 134 109 48 s.
1036 134 85 48 Paris

142 177 101 49 1842,
209 177 56 49 1
231 177 67 49 p.
265 177 78 49 pl.
310 177 101 49 in-8.
377 177 56 49 2
388 177 45 49 50

139 209 120 54 19545
219 209 173 54 LABOULAYE
352 209 186 54 (Édouard),
498 209 146 54 célèbre
605 209 186 54 publiciste
751 209 80 54 et
791 209 173 54 écrivain,
924 209 80 54 de
951 209 173 54 l’Institut.

134 258 117 52 L.
212 258 130 52 a
303 258 104 52 s..;
368 258 130 52 Paris,
459 258 65 52 9
485 258 104 52 juin
550 258 117 52 1863,
628 258 65 52 4
653 258 78 52 p.
692 258 91 52 pl.
744 258 117 52 in-4,
822 258 117 52 d’une
900 258 156 52 écriture
1017 258 104 52 fine
1069 258 52 52 et

142 290 93 44 serrée.
209 290 42 44 7
217 290 34 44 50

171 314 197 55 Magnifique
326 314 141 55 lettre
425 314 113 55 dans
495 314 169 55 laquelle
622 314 85 55 il
664 314 113 55 fait
734 314 85 55 sa
777 314 197 55 biographie
932 314 183 55 complète.
1059 314 70 55 «Si

135 358 117 45 l’on
208 358 131 45 peut,
296 358 161 45 dit-il,
413 358 88 45 se
457 358 190 45 connaître
603 358 190 45 soi-même,
748 358 131 45 voici
836 358 161 45 comment
953 358 88 45 je
997 358 88 45 me
1026 358 102 45 juge-

145 384 127 52 rais:
230 384 85 52 1°
272 384 85 52 Je
314 384 113 52 suis
385 384 85 52 et
427 384 113 52 j’ai
498 384 169 52 toujours
625 384 99 52 été
681 384 141 52 dévoué
780 384 71 52 à
808 384 85 52 la
851 384 169 52 liberté,
964 384 169 52 considérée

148 427 134 41 comme
238 427 104 41 une
297 427 134 41 autre
387 427 134 41 forme
476 427 90 41 de
521 427 90 41 la
566 427 179 41 justice,
700 427 134 41 comme
790 427 90 41 le
835 427 134 41 plein
909 427 224 41 développement

140 456 101 44 des
197 456 172 44 facultés
326 456 216 44 humaines...
499 456 86 44 Je
542 456 115 44 suis
614 456 201 44 démocrate,
772 456 115 44 mais
844 456 129 44 d’une
930 456 129 44 école
1016 456 101 44 qui
1059 456 72 44 est

150 494 112 37 tout
220 494 169 37 l’opposé
347 494 84 37 du
389 494 239 37 socialisme...
585 494 84 37 2°
627 494 126 37 Mais,
712 494 84 37 ce
754 494 98 37 qui
810 494 84 37 me
852 494 183 37 distingue
979 494 154 37 peut

146 524 98 42 des
202 524 140 42 autres
300 524 112 42 amis
370 524 84 42 de
413 524 84 42 la
455 524 168 42 liberté,
581 524 126 42 c’est
665 524 112 42 que,
735 524 98 42 par
791 524 84 42 ma
833 524 182 42 position,
974 524 84 42 je
1016 524 84 42 me
1044 524 84 42 suis

144 562 115 35 tenu
215 562 86 35 en
258 562 143 35 dehors
359 562 86 35 de
402 562 115 35 tout
473 562 129 35 parti
559 562 86 35 et
602 562 86 35 de
645 562 129 35 toute
717 562 215 35 polémique...»

151 588 92 48 19546
212 588 61 48 LA
243 588 153 48 CHAMBEAUDIE
365 588 133 48 (Pierre),
467 588 143 48 fabuliste.
579 588 92 48 Le
640 588 143 48 Rossignol,
752 588 163 48 l’Étoile
885 588 92 48 et
936 588 112 48 la

149 635 151 49 Fleur
273 635 80 49 fable
327 635 80 49 a.
380 635 62 49 s.,
415 635 44 49 1
433 635 53 49 p.
460 635 80 49 in-4.
513 635 44 49 2
522 635 44 49 »

154 663 107 55 19547
225 663 166 55 LACORDAIRE
355 663 83 55 (Le
403 663 118 55 père),
486 663 178 55 prédicateur
628 663 142 55 célèbre,
734 663 71 55 de
770 663 130 55 l’Acad.
865 663 83 55 fr.
912 663 107 55 L.
983 663 130 55 a.
1078 663 71 55 s.
1101 663 36 55 à

145 704 102 51 Mary
209 704 127 51 Lafon;
298 704 127 51 Sorèze
387 704 115 51 1836,
463 704 64 51 1
489 704 76 51 p.
527 704 115 51 in-4.
604 704 178 51 Très-jolie
744 704 140 51 lettre.
845 704 64 51 3
858 704 51 51 50

148 740 110 46 19548
221 740 73 46 LA
258 740 110 46 HARPE
331 740 86 46 (J.
380 740 73 46 F.
417 740 98 46 de),
478 740 135 46 célèbre
576 740 196 46 littérateur,
735 740 73 46 de
772 740 135 46 l’Acad.
870 740 86 46 fr.
919 740 110 46 L.
992 740 122 46 a
1078 740 73 46 s.
1102 740 37 46 à

154 774 78 51 M.
193 774 142 51 Agasse,
296 774 65 51 1
322 774 78 51 p.
361 774 91 51 pl.
413 774 117 51 in-8.
491 774 117 51 Toute
568 774 155 51 relative
685 774 65 51 à
711 774 91 51 son
763 774 155 51 Cours
879 774 78 51 de
905 774 233 51 littérature

1047 806 57 47 6
1058 806 34 47 »

152 840 123 58 19549
234 840 150 58 LAHARPE
343 840 205 58 (Emmanuel),
507 840 123 58 brave
589 840 150 58 général
698 840 136 58 suisse
794 840 82 58 au
835 840 150 58 service
944 840 82 58 de
985 840 82 58 la
1012 840 123 58 France,

149 888 109 39 mort
218 888 232 39 glorieusement
409 888 82 39 en
450 888 150 39 Italie.
560 888 123 39 L.
642 888 123 39 a
724 888 82 39 s.
765 888 68 39 à
792 888 164 39 Villars,
915 888 137 39 envoyé
1011 888 68 39 à
1025 888 109 39 Gènes.

156 925 126 46 Vado,
240 925 70 46 7
268 925 182 46 brumaire,
408 925 70 46 1
436 925 84 46 p.
478 925 98 46 1/2
534 925 126 46 in-4,
618 925 154 46 cachet.
730 925 196 46 Très-belle
884 925 140 46 lettre
968 925 168 46 militaire.

1040 945 103 48 3
1060 945 82 48 50

462 978 73 60 19550
511 978 106 60 LAMENNAIS
592 978 57 60 (F.
625 978 65 60 de),
666 978 73 60 grand
715 978 106 60 écrivain.
796 978 73 60 L.
845 978 82 60 a
903 978 49 60 s.
927 978 41 60 à
943 978 82 60 l’abbé
1000 978 98 60 Dagatte:
1066 978 65 60 Paris.

155 1028 77 53 26
194 1028 90 53 mai
245 1028 116 53 1837,
323 1028 65 53 1
349 1028 77 53 p.
387 1028 90 53 3/4
439 1028 116 53 in-8.
516 1028 65 53 4
529 1028 52 53 50

190 1045 176 67 Curieuse.
326 1045 81 67 Le
366 1045 216 67 Monde
542 1045 81 67 ne
583 1045 149 67 faisait
691 1045 95 67 que
745 1045 189 67 commencer,
894 1045 81 67 et
934 1045 108 67 déjà
1002 1045 81 67 le
1029 1045 108 67 succès

152 1095 131 46 avait
240 1095 160 46 dépassé
356 1095 87 46 de
399 1095 174 46 beaucoup
530 1095 131 46 leurs
617 1095 218 46 espérances.
791 1095 218 46 «Toutefois,
965 1095 160 46 dit-il,
1066 1095 73 46 des

154 1131 144 43 motifs
254 1131 230 43 particuliers
441 1131 115 43 nous
513 1131 115 43 ont,
585 1131 101 43 moi
643 1131 86 43 et
686 1131 101 43 mes
744 1131 129 43 amis,
830 1131 201 43 déterminés
988 1131 72 43 à
1003 1131 129 43 quitter

154 1171 87 45 ce
183 1171 189 45 journal...»

161 1196 110 47 19551
234 1196 73 47 LE
270 1196 110 47 MÊME.
343 1196 110 47 L.
417 1196 85 47 ai.
465 1196 85 47 s.,
514 1196 73 47 F.
550 1196 134 47 M.
648 1196 61 47 à
672 1196 122 47 Victor
758 1196 110 47 Hugo;
831 1196 73 47 La
867 1196 146 47 Chenaie,
977 1196 73 47 26
1013 1196 97 47 mars
1062 1196 73 47 1822

165 1242 55 49 2
187 1242 66 49 p.
220 1242 77 49 1/4
264 1242 66 49 in
296 1242 66 49 8.
329 1242 55 49 8
340 1242 33 49 »

193 1257 174 69 Charmante
326 1257 147 69 épître.
433 1257 80 69 Il
473 1257 80 69 ne
514 1257 94 69 l’a
567 1257 94 69 pas
621 1257 147 69 oublié;
727 1257 80 69 il
768 1257 94 69 est
821 1257 147 69 fâcheux
928 1257 120 69 qu’il
1008 1257 120 69 n’ait
1075 1257 67 69 pas

151 1303 189 49 rencontré
297 1303 146 49 l’abbé
399 1303 87 49 Le
442 1303 189 49 Tourneur,
588 1303 116 49 mais
661 1303 102 49 son
719 1303 146 49 carême
821 1303 175 49 l’occupe
952 1303 189 49 beaucoup.
1083 1303 58 49 Il

165 1342 96 50 est
220 1342 82 50 si
261 1342 179 50 difficile
399 1342 82 50 de
440 1342 151 50 prêcher
550 1342 192 50 l’Evangile
701 1342 96 50 aux
756 1342 110 50 rois
825 1342 82 50 et
866 1342 96 50 aux
921 1342 151 50 grands:
1031 1342 96 50 ils
1072 1342 69 50 ont

156 1369 109 56 peur
225 1369 82 56 de
266 1369 123 56 Dieu.
348 1369 109 56 «Oh!
416 1369 123 56 qu’il
498 1369 96 56 est
553 1369 109 56 bien
621 1369 109 56 plus
689 1369 109 56 doux
757 1369 82 56 de
798 1369 137 56 parler
894 1369 82 56 de
935 1369 96 56 lui
990 1369 82 56 au
1017 1369 123 56 pauvre,

158 1402 98 60 que
214 1402 98 60 son
270 1402 98 60 nom
325 1402 112 60 seul
395 1402 153 60 console
507 1402 84 60 et
548 1402 139 60 ravit.
646 1402 112 60 J’ai
716 1402 167 60 toujours
841 1402 125 60 envié
925 1402 84 60 le
967 1402 153 60 bonheur
1064 1402 84 60 d’un

168 1443 107 41 curé
235 1443 80 41 de
275 1443 161 41 village,
395 1443 107 41 dans
462 1443 94 41 les
516 1443 107 41 pays
583 1443 80 41 où
623 1443 80 41 le
663 1443 134 41 peuple
757 1443 94 41 est
810 1443 134 41 encore
904 1443 94 41 bon
958 1443 80 41 et
984 1443 161 41 simple...»

164 1478 147 44 Détails
271 1478 214 44 intéressants
445 1478 94 44 sur
498 1478 94 44 ses
552 1478 201 44 occupations
713 1478 67 44 à
739 1478 80 44 La
780 1478 161 44 Chenaie;
900 1478 80 44 il
940 1478 161 44 l’invite
1061 1478 67 44 à
1074 1478 67 44 ve-

160 1501 106 48 nir
220 1501 91 48 le
266 1501 136 48 voir.
357 1501 136 48 «Vous
448 1501 197 48 trouverez
599 1501 121 48 dans
675 1501 106 48 cet
736 1501 197 48 hermitage
887 1501 91 48 un
933 1501 121 48 cœur
1009 1501 106 48 qui
1054 1501 91 48 vous

159 1548 127 48 aime,
243 1548 99 48 des
300 1548 141 48 livres
399 1548 85 48 et
441 1548 99 48 une
497 1548 155 48 liberté
596 1548 155 48 entière.»

167 1574 101 59 19552
234 1574 124 59 LANDAIS
324 1574 169 59 (Napoléon),
460 1574 192 59 lexicographe.
617 1574 101 59 L.
685 1574 113 59 a
764 1574 113 59 s;
843 1574 101 59 Paris
910 1574 101 59 1834,
978 1574 56 59 2
1001 1574 68 59 p.
1034 1574 79 59 pl.
1068 1574 79 59 in

166 1626 190 54 Très-curieuse
323 1626 123 54 épître.
412 1626 56 54 3
423 1626 45 54 50

176 1630 110 84 19553
249 1630 134 84 LAPRADE
347 1630 134 84 (Victor
444 1630 98 84 de),
505 1630 122 84 poëte,
591 1630 73 84 de
627 1630 134 84 l’Acad.
725 1630 85 84 fr.
774 1630 110 84 L.
847 1630 122 84 a
933 1630 85 84 si.
981 1630 61 84 à
1006 1630 73 84 M.
1030 1630 110 84 Pingard

175 1701 100 49 1861,
241 1701 55 49 1
264 1701 67 49 p.
297 1701 100 49 in-8.
363 1701 100 49 Jolie
430 1701 122 49 lettre.
519 1701 55 49 2
530 1701 44 49 25

168 1704 124 71 19554
251 1704 179 71 LAURISTON
389 1704 97 71 (J.
444 1704 152 71 Bernard
555 1704 110 71 LAW,
624 1704 97 71 mis
679 1704 110 71 de),
748 1704 166 71 maréchal
872 1704 83 71 de
913 1704 152 71 France,
1010 1704 138 71 ministre

166 1757 80 63 de
206 1757 80 63 la
245 1757 133 63 maison
338 1757 80 63 du
378 1757 93 63 roi
431 1757 80 63 et
471 1757 225 63 grand-veneur.
656 1757 119 63 L.
736 1757 133 63 a
829 1757 80 63 s.
869 1757 80 63 au
908 1757 93 63 duc
961 1757 172 63 d’Aumont;
1081 1757 66 63 To-

168 1803 113 56 losa,
244 1803 76 56 20
282 1803 101 56 août
345 1803 113 56 1823,
420 1803 63 56 2
445 1803 76 56 p.
483 1803 88 56 1/2
534 1803 113 56 in-4.
609 1803 63 56 5
622 1803 50 56 >»

197 1834 164 58 Curieuse
321 1834 137 58 lettre
417 1834 164 58 relative
540 1834 69 58 à
567 1834 82 58 la
608 1834 164 58 mauvaise
732 1834 178 58 situation
869 1834 82 58 de
896 1834 247 58 l’Opéra

169 1863 84 60 Ce
211 1863 126 60 n’est
295 1863 98 60 pas
351 1863 154 60 l’Odéon
463 1863 98 60 qui
519 1863 112 60 fait
589 1863 84 60 du
631 1863 112 60 tort
702 1863 70 60 à
730 1863 84 60 ce
772 1863 168 60 théâtre,
898 1863 112 60 mais
968 1863 112 60 bien
1038 1863 84 60 le
1066 1863 84 60 Gym-

171 1896 125 54 nase,
254 1896 97 54 qui
310 1896 69 54 a
338 1896 97 54 des
393 1896 208 54 protections
560 1896 264 54 très-puissantes
783 1896 139 54 malgré
880 1896 97 54 son
936 1896 153 54 mauvais
1033 1896 111 54 genre.

168 1930 97 60 «Si
223 1930 110 60 cela
292 1930 179 60 continue,
430 1930 83 60 le
472 1930 152 60 torrent
582 1930 83 60 du
623 1930 152 60 mauvais
733 1930 124 60 genre
816 1930 193 60 entraînera
968 1930 124 60 tout:
1051 1930 83 60 il
1078 1930 69 60 n’y

165 1963 116 64 plus
238 1963 87 64 de
282 1963 203 64 traditions
441 1963 102 64 des
499 1963 160 64 Grétry,
616 1963 189 64 Monsigny,
761 1963 189 64 Champein,
906 1963 189 64 Dalayrac,
1037 1963 116 64 Boyel-

175 2000 101 52 dieu
239 2000 114 52 etc.;
315 2000 76 52 il
353 2000 89 52 n’y
403 2000 101 52 aura
466 2000 101 52 plus
530 2000 89 52 que
580 2000 76 52 de
618 2000 76 52 la
656 2000 139 52 musique
758 2000 76 52 de
796 2000 203 52 boulevard...
960 2000 114 52 Je
1023 2000 127 52 crois

173 2033 135 59 qu’il
271 2033 98 59 faut
333 2033 123 59 songer
419 2033 62 59 à
443 2033 185 59 administrer
591 2033 74 59 ce
628 2033 185 59 théâtre
776 2033 258 59 (l’Opéra-Comique)
985 2033 172 59 d’une

170 2077 131 50 autre
257 2077 185 50 manière..»

171 2103 104 63 19554
241 2103 173 63 bis
379 2103 127 63 LEGOUVÉ
472 2103 162 63 (Gabriel),
599 2103 139 63 l’auteur
703 2103 69 63 du
737 2103 150 63 Mérite
853 2103 81 63 des
899 2103 173 63 femmes
1038 2103 115 63 membre
1107 2103 46 63 de

174 2145 167 65 l’Institut.
308 2145 89 65 L
363 2145 112 65 a
442 2145 78 65 s.;
486 2145 100 65 Paris
553 2145 67 65 an
587 2145 67 65 X,
620 2145 56 65 1
642 2145 67 65 p.
676 2145 78 65 1/2
720 2145 100 65 in-4.
787 2145 56 65 4
799 2145 33 65 »
