1147 2239
550 8 79 58 —
582 8 79 58 8
598 8 47 58 —

140 80 129 45 21979
226 80 186 45 LAVOISIER
369 80 129 45 (Ant.
455 80 115 45 L.),
526 80 172 45 illustre
655 80 186 45 chimiste,
798 80 143 45 membre
898 80 86 45 de
941 80 157 45 l’Acad.
1041 80 72 45 des

135 117 190 41 sciences,
282 117 176 41 décapité
414 117 88 41 en
458 117 132 41 1793.
546 117 88 41 L.
590 117 103 41 s.;
648 117 147 41 Paris,
751 117 88 41 17
795 117 117 41 oct.
868 117 132 41 1781,
956 117 73 41 3
985 117 88 41 p.
1014 117 103 41 in

144 146 89 42 Belle
203 146 99 42 pièce.
273 146 49 42 3
282 146 30 42 »

136 161 104 69 21980
206 161 104 69 LEBAS
275 161 81 69 (L.
322 161 127 69 Hipp.),
414 161 127 69 célèbre
507 161 174 69 architecte,
646 161 116 69 membre
727 161 69 69 de
761 161 174 69 l’Institut.
900 161 104 69 P.
970 161 93 69 a.
1016 161 104 69 s.

136 215 93 47 1831,
198 215 52 47 1
219 215 62 47 p.
250 215 93 47 in-4.
312 215 52 47 1
322 215 42 47 50

135 255 122 51 21981
217 255 122 51 LEBON
299 255 177 51 (Joseph),
434 255 245 51 conventionnel,
638 255 82 51 le
679 255 136 51 fameux
774 255 177 51 proconsul
910 255 163 51 d’Arras,
1019 255 95 51 déca-

135 289 103 55 pité
200 289 77 55 en
238 289 116 55 1795.
316 289 116 55 P.
393 289 142 55 a.s.;
496 289 155 55 Cambrai,
612 289 77 55 22
651 289 142 55 floréal
754 289 77 55 an
793 289 90 55 II,
844 289 90 55 1/2
896 289 77 55 p.
934 289 116 55 in-4,
999 289 116 55 cachet.

1011 328 132 45 12
1055 328 66 45 »

167 333 134 69 Ordre
256 333 74 69 à
286 333 194 69 Dujardin,
435 333 179 69 adjudant
569 333 89 69 de
614 333 89 69 la
658 333 134 69 place
748 333 89 69 de
792 333 179 69 Cambrai,
926 333 89 69 de
971 333 89 69 se
1001 333 119 69 rendre

135 392 86 39 de
178 392 129 39 suite
264 392 115 39 dans
336 392 129 39 cette
422 392 158 39 commune
537 392 86 39 en
580 392 158 39 qualité
695 392 187 39 d’adjoint
838 392 86 39 au
881 392 215 39 commissaire
1039 392 72 39 des

120 424 145 42 guerres.

134 436 116 66 21982
212 436 155 66 LEFEBVRE
328 436 168 66 (Julien),
457 436 77 66 de
495 436 142 66 Nantes,
599 436 129 66 député
689 436 77 66 de
728 436 77 66 la
767 436 258 66 Loire-Inférieure
986 436 65 66 à
1012 436 77 66 la
1038 436 77 66 Con-

249 499 151 48 vention,
363 499 151 48 proscrit
476 499 113 48 après
551 499 75 48 le
589 499 75 48 31
626 499 101 48 mai,
689 499 101 48 puis
752 499 126 48 membre
840 499 75 48 du
878 499 138 48 Conseil
978 499 88 48 des
1016 499 88 48 Cinq-

133 531 115 49 Cents.
214 531 104 49 L.
283 531 115 49 a
364 531 69 49 s.
399 531 69 49 au
433 531 92 49 cit.
491 531 161 49 Berthelot;
618 531 161 49 Bruxelles,
745 531 69 49 14
779 531 138 49 prairial
883 531 69 49 an
918 531 92 49 III,
975 531 58 49 1
987 531 46 49 p.

235 561 116 49 in-fol.,
322 561 77 49 vig.
370 561 58 49 et
399 561 77 49 tête
448 561 87 49 impr.
505 561 135 49 Très-belle
612 561 96 49 pièce.
689 561 48 49 4
708 561 48 49 »

132 598 127 53 21983
217 598 169 53 LEGENDRE
344 598 127 53 (Adr.
428 598 113 53 M.),
499 598 141 53 savant
598 598 240 53 mathématicien
795 598 85 53 et
838 598 184 53 géomètre,
979 598 141 53 membre
1064 598 56 53 de

138 634 139 43 l’Acad.
239 634 88 43 des
290 634 164 43 sciences.
416 634 114 43 L.
492 634 114 43 a
568 634 101 43 si.;
631 634 126 43 Paris,
719 634 76 43 16
757 634 101 43 juin
820 634 114 43 1811,
896 634 63 43 1
922 634 76 43 p.
959 634 114 43 in-4.
1023 634 88 43 Belle

144 668 83 43 lettre.
205 668 38 43 4
212 668 23 43 »

133 682 110 72 21984
206 682 134 72 LESUEUR
304 682 86 72 (J.
353 682 110 72 Fr.),
426 682 134 72 célèbre
524 682 183 72 compositeur
671 682 73 72 de
707 682 147 72 musique,
817 682 122 72 membre
903 682 73 72 de
927 682 98 72 l’Ins-

134 738 124 50 titut.
220 738 173 50 Certificat
356 738 99 50 aut.
418 738 111 50 sig.;
493 738 111 50 Paris
567 738 111 50 1819,
641 738 62 50 1
666 738 74 50 p.
703 738 111 50 in-4,
777 738 99 50 tête
839 738 111 50 impr.
913 738 62 50 3
926 738 37 50 »

136 776 118 46 21985
214 776 170 46 LEVERRIER
345 776 91 46 (U.
397 776 78 46 J.
436 776 118 46 J.)<,
515 776 170 46 directeur
646 776 78 46 de
685 776 248 46 l’Observatoire,
894 776 131 46 membre
985 776 78 46 de
1011 776 105 46 l’Ins-

139 808 90 51 titut.
202 808 81 51 L.
256 808 90 51 a
319 808 63 51 s.,
354 808 45 51 1
372 808 54 51 p.
399 808 81 51 in-8.
453 808 45 51 2
462 808 27 51 »

140 853 117 53 21986
218 853 130 53 LITTRÉ
309 853 117 53 (E.),
386 853 78 53 un
425 853 78 53 de
464 853 91 53 nos
516 853 104 53 plus
581 853 143 53 savants
684 853 181 53 écrivains,
827 853 130 53 membre
918 853 78 53 de
944 853 168 53 l’Institut.

140 882 69 53 >L.
180 882 60 53 a.
210 882 79 53 si.,
259 882 50 53 1
279 882 60 53 p.
309 882 89 53 in-8.
368 882 50 53 2
378 882 40 53 75

139 901 101 72 21987
206 901 101 72 LOUIS
273 901 101 72 XIII,
340 901 78 72 roi
385 901 67 72 de
419 901 123 72 France.
508 901 101 72 L.
575 901 101 72 s
642 901 56 72 à
665 901 67 72 M.
698 901 157 72 Contarini,
822 901 168 72 ambassadeur
956 901 67 72 de
978 901 45 72 la

142 958 147 45 République
258 958 63 45 de
290 958 116 45 Venise;
374 958 189 45 Fontainebleau,
532 958 63 45 25
563 958 95 45 janv.
627 958 95 45 1637,
690 958 53 45 1
711 958 63 45 p.
732 958 105 45 in

138 986 99 51 trace
204 986 66 51 de
237 986 122 51 cachet.
326 986 55 51 4
337 986 33 51 »

163 1021 89 67 Il
208 1021 163 67 demande
326 1021 148 67 qu’une
430 1021 237 67 prolongation
623 1021 89 67 de
667 1021 133 67 congé
756 1021 119 67 soit
830 1021 178 67 accordée
964 1021 89 67 au
1008 1021 104 67 duc
1053 1021 59 67 de

140 1060 180 38 Candalle,
278 1060 111 38 dont
348 1060 83 38 il
389 1060 69 38 a
417 1060 138 38 encore
500 1060 124 38 besoin.

133 1091 110 55 21988
206 1091 110 55 LOUIS
280 1091 98 55 XIV,
341 1091 86 55 roi
390 1091 73 55 de
426 1091 135 55 France.
524 1091 110 55 L.
597 1091 122 55 a
683 1091 73 55 s.
720 1091 73 55 (à
756 1091 159 55 Vauban?);
879 1091 183 55 Versailles,
1025 1091 73 55 11
1050 1091 61 55 mai

138 1131 98 49 1685,
204 1131 55 49 1
225 1131 66 49 p.
258 1131 76 49 pl.
302 1131 98 49 in-4.
367 1131 66 49 35
389 1131 33 49 »

162 1169 221 55 Intéressante
342 1169 152 55 lettre,
453 1169 83 55 où
494 1169 83 55 il
536 1169 83 55 le
577 1169 166 55 prévient
702 1169 125 55 qu’il
785 1169 97 55 n’y
840 1169 111 55 aura
909 1169 97 55 pas
965 1169 83 55 de
992 1169 125 55 conseil

142 1204 86 43 le
185 1204 157 43 finance
285 1204 129 43 demain.

137 1242 118 52 21989
215 1242 118 52 LOUIS
294 1242 92 52 XV,
346 1242 92 52 roi
399 1242 79 52 de
438 1242 144 52 France.
543 1242 196 52 P.s
700 1242 118 52 1761,
778 1242 65 52 1
805 1242 79 52 p.
844 1242 144 52 in-fol.
949 1242 65 52 2
962 1242 39 52 »

142 1276 111 49 21990
216 1276 111 49 LOUIS
290 1276 99 49 XVI,
351 1276 86 49 roi
401 1276 86 49 des
450 1276 160 49 Français,
574 1276 148 49 décapité
685 1276 74 49 en
722 1276 111 49 1793.
796 1276 86 49 >P.
845 1276 86 49 s.,
895 1276 148 49 contres.
993 1276 62 49 par

133 1316 218 59 Lavoisier,
313 1316 167 59 Devaines,
441 1316 231 59 Dutramblay
634 1316 116 59 etc.;
711 1316 128 59 Paris,
801 1316 64 59 6
827 1316 103 59 nov.
891 1316 116 59 1791,
968 1316 90 59 1/2
1019 1316 77 59 p.
1045 1316 64 59 in-

146 1349 42 41 fol.
172 1349 26 41 4
177 1349 21 41 50

136 1386 81 57 21991
190 1386 81 57 LOUIS
244 1386 90 57 XVIII,
308 1386 63 57 roi
344 1386 54 57 de
371 1386 99 57 France.
443 1386 81 57 P.
498 1386 108 57 s
579 1386 81 57 comme
633 1386 81 57 comte
687 1386 54 57 de
714 1386 118 57 Provence;
796 1386 54 57 Ver-

142 1421 142 49 sailles
245 1421 116 49 1776,
322 1421 90 49 1/2
374 1421 77 49 p.
413 1421 142 49 in-fol.
516 1421 64 49 2
528 1421 52 49 25

136 1460 112 53 21992
210 1460 224 53 LOUIS-PHILIPPE
396 1460 87 53 Ier
446 1460 87 53 roi
496 1460 87 53 des
545 1460 161 53 Français.
670 1460 99 53 <>L.
732 1460 87 53 si.
781 1460 62 53 à
806 1460 75 53 M.
843 1460 137 53 Lebeuf;
943 1460 124 53 palais
1017 1460 50 53 de

136 1481 184 64 Saint-Cloud
283 1481 111 64 1840,
357 1481 86 64 1/2
406 1481 74 64 p.
443 1481 111 64 in-4.
517 1481 111 64 Jolie
591 1481 123 64 pièce.
677 1481 61 64 2
689 1481 49 64 50

136 1528 124 57 21993
219 1528 192 57 LOUVERTURE
370 1528 220 57 (Toussaint),
549 1528 82 57 le
590 1528 151 57 célèbre
700 1528 151 57 général
810 1528 82 57 en
851 1528 110 57 chef
920 1528 82 57 de
961 1528 151 57 l’armée
1057 1528 55 57 de

137 1564 244 59 Saint-Domingue.
342 1564 115 59 L.
419 1564 128 59 s,
509 1564 77 59 en
548 1564 167 59 français,
676 1564 64 59 à
702 1564 192 59 Hédouville;
855 1564 77 59 le
894 1564 103 59 Cap,
958 1564 77 59 26
984 1564 128 59 prairial

136 1602 71 44 an
172 1602 83 44 VI,
219 1602 59 44 1
243 1602 71 44 p.
279 1602 107 44 in-4,
350 1602 95 44 tête
409 1602 107 44 impr.
481 1602 71 44 13
504 1602 36 44 »

122 1637 67 55 «
148 1637 120 55 Belle
228 1637 133 55 lettre
322 1637 80 55 de
362 1637 240 55 recommandation
562 1637 80 55 en
602 1637 133 55 faveur
695 1637 80 55 du
735 1637 107 55 cit.
802 1637 160 55 Cazeaux,
908 1637 107 55 ci-

131 1672 112 43 vant
201 1672 154 43 notaire
312 1672 84 43 au
354 1672 112 43 Port
424 1672 223 43 républicain,
606 1672 98 43 qui
661 1672 98 43 fut
717 1672 112 43 fait
787 1672 195 43 prisonnier
941 1672 98 43 par
996 1672 98 43 les
1038 1672 70 43 An-

134 1703 115 48 glais
211 1703 103 48 lors
275 1703 77 48 de
314 1703 77 48 la
352 1703 115 48 prise
429 1703 77 48 de
467 1703 115 48 cette
531 1703 103 48 ville.

134 1743 122 53 21994
216 1743 135 53 LOZEAU
310 1743 217 53 (Paul-Aug.),
486 1743 135 53 député
581 1743 81 53 de
622 1743 81 53 la
662 1743 311 53 Charente-Inférieure
933 1743 68 53 à
960 1743 81 53 la
987 1743 122 53 Conven-

135 1776 129 60 tion,
221 1776 86 60 un
264 1776 86 60 de
307 1776 115 60 ceux
378 1776 100 60 qui
436 1776 201 60 appuyèrent
593 1776 86 60 le
636 1776 115 60 plus
708 1776 172 60 vivement
837 1776 86 60 la
880 1776 115 60 mise
951 1776 86 60 en
980 1776 129 60 accusa-

128 1804 106 55 tion
194 1804 79 55 de
234 1804 212 55 Robespierre.
406 1804 119 55 L.
485 1804 132 55 a
578 1804 93 55 s.;
631 1804 172 55 Beaubourg
764 1804 79 55 an
803 1804 93 55 IV,
856 1804 66 55 1
883 1804 79 55 p.
923 1804 93 55 1/2
976 1804 119 55 in-8.
1055 1804 66 55 3
1068 1804 40 55 »

131 1845 127 57 21995
215 1845 127 57 LYNCH
300 1845 267 57 (Jean-Baptiste,
525 1845 155 57 comte),
638 1845 127 57 maire
722 1845 84 57 de
764 1845 169 57 Bordeaux
891 1845 113 57 sous
947 1845 155 57 l’Empire,

137 1881 128 50 connu
222 1881 99 50 par
279 1881 99 50 son
336 1881 227 50 empressement
520 1881 71 50 à
549 1881 142 50 livrer
648 1881 128 50 cette
734 1881 128 50 ville
819 1881 99 50 aux
876 1881 142 50 alliés
975 1881 85 50 en
1004 1881 99 50 1814,

141 1919 89 38 pair
196 1919 67 38 de
230 1919 122 38 France.
318 1919 100 38 L.
385 1919 78 38 ai.
429 1919 100 38 s.,
496 1919 55 38 1
518 1919 67 38 p.
551 1919 78 38 1/2
595 1919 100 38 in-8.
662 1919 155 38 Très-jolie
784 1919 122 38 lettre.
873 1919 55 38 2
884 1919 44 38 50

135 1946 113 65 21996
211 1946 176 65 MACDONALD,
349 1946 88 65 duc
400 1946 76 65 de
438 1946 151 65 Tarente,
551 1946 151 65 maréchal
664 1946 76 65 de
702 1946 139 65 France.
803 1946 113 65 L.
878 1946 126 65 a
966 1946 88 65 s.;
1004 1946 101 65 Paris,

127 1988 62 41 5
151 1988 149 41 pluviôse
263 1988 74 41 an
300 1988 87 41 XI,
350 1988 62 41 3
374 1988 74 41 p.
412 1988 87 41 1/2
461 1988 112 41 in-4.
535 1988 62 41 4
548 1988 37 41 »

164 2024 203 55 Intéressante
329 2024 140 55 lettre,
431 2024 76 55 où
469 2024 76 55 il
507 2024 178 55 recommande
646 2024 152 55 vivement
761 2024 76 55 le
799 2024 102 55 cit.
862 2024 216 55 Parny
1027 2024 89 55 qu’il

135 2048 157 68 désigne
249 2048 114 68 pour
320 2048 157 68 occuper
435 2048 86 68 la
478 2048 129 68 place
563 2048 86 68 de
606 2048 257 68 bibliothécaire
820 2048 100 68 aux
863 2048 243 68 Quatre

137 2092 119 52 21997
216 2092 132 52 MALBOS
308 2092 132 52 (Jules
401 2092 106 52 de),
467 2092 106 52 fils
533 2092 79 52 de
572 2092 119 52 Louis
651 2092 79 52 de
691 2092 145 52 Malbos,
796 2092 92 52 qui
849 2092 158 52 organisa
968 2092 79 52 le
1007 2092 106 52 camp
1060 2092 53 52 de

133 2131 71 56 Jalès
180 2131 47 56 en
204 2131 71 56 1790.
251 2131 71 56 L.
298 2131 79 56 a
354 2131 55 56 s<.
385 2131 39 56 à
401 2131 47 56 M.
424 2131 94 56 Tripier,
495 2131 87 56 avocat;
558 2131 47 56 10
582 2131 63 56 déc.
621 2131 71 56 1822,
668 2131 39 56 3
684 2131 47 56 p.
700 2131 55 56 in

1023 2176 67 41 6
1036 2176 40 41 »
