1118 2251
523 12 89 72 —
559 12 89 72 9
577 12 53 72 —

142 77 90 57 Document
209 77 105 57 historique
291 77 60 57 fort
328 77 90 57 curieux.
396 77 37 57 —
410 77 45 57 Il
433 77 90 57 proteste
500 77 75 57 contre
545 77 97 57 l’assertion

111 122 114 43 d’un
182 122 156 43 certain
296 122 85 43 M.
338 122 171 43 Froment,
466 122 100 43 qui
523 122 156 43 prétend
637 122 128 43 avoir
722 122 171 43 organisé
850 122 85 43 le
893 122 114 43 camp
964 122 85 43 de
992 122 100 43 Jalès

109 157 85 33 et
151 157 99 33 qui
208 157 114 33 pour
279 157 128 33 cette
364 157 156 33 raison,
478 157 184 33 intentait
620 157 85 33 un
662 157 142 33 procès
762 157 85 33 au
804 157 128 33 comte
889 157 170 33 d’Artois
1003 157 85 33 pour

109 186 101 50 lui
166 186 173 50 réclamer
296 186 101 50 des
354 186 173 50 dommages
483 186 87 50 et
527 186 187 50 intérêts.
671 186 87 50 M.
714 186 87 50 de
757 186 144 50 Malbos
858 186 202 50 revendique
1002 186 87 50 pour

112 222 97 50 son
168 222 111 50 père
237 222 181 50 l’honneur
377 222 153 50 d’avoir
488 222 167 50 organisé
613 222 111 50 seul
683 222 97 50 les
739 222 251 50 rassemblements
948 222 84 50 de
976 222 111 50 Jalès,

112 253 82 57 et
153 253 82 57 il
194 253 123 57 donne
276 253 82 57 de
317 253 150 57 curieux
427 253 150 57 détails
536 253 96 57 sur
591 253 96 57 cet
646 253 150 57 épisode
741 253 178 57 historique.

118 278 100 54 21998
184 278 144 54 MALGAIGNE
295 278 100 54 (JOs.
362 278 100 54 Fr.),
428 278 111 54 savant
506 278 133 54 médecin.
605 278 100 54 L.
672 278 111 54 a
750 278 78 54 s..
794 278 66 54 au
827 278 144 54 rédacteur
938 278 66 54 du
960 278 133 54 Mo

117 325 117 44 niteur
199 325 82 44 des
246 325 141 44 sciences
352 325 211 44 médicales;
528 325 70 44 (9
563 325 106 44 sept.
633 325 117 44 1859),
715 325 59 44 2
739 325 70 44 p.
774 325 82 44 1/2
821 325 106 44 in-8.
891 325 59 44 3
903 325 35 44 »

146 336 235 75 Très-curieuse
340 336 138 75 lettre
436 336 166 75 relative
560 336 69 75 à
588 336 83 75 sa
630 336 193 75 discussion
781 336 110 75 avec
850 336 83 75 M.
892 336 83 75 de
919 336 180 75 Lignerolles

112 386 97 49 sur
168 386 180 49 l’honneur
306 386 152 49 d’avoir
417 386 152 49 inventé
527 386 97 49 une
583 386 180 49 opération
707 386 208 49 chirurgicale.

107 419 116 56 21999
185 419 155 56 MARILHAT
301 419 181 56 (Prosper),
443 419 142 56 célèbre
546 419 155 56 peintre,
662 419 77 56 un
701 419 90 56 des
752 419 194 56 paysagistes
907 419 90 56 les
959 419 103 56 plus
1011 419 77 56 dis-

113 465 137 37 tingués
212 465 75 37 de
249 465 75 37 ce
287 465 137 37 siècle.
386 465 112 37 L.
461 465 124 37 a
548 465 75 37 s.
585 465 62 37 à
610 465 75 37 M.
648 465 162 37 Delaunay;
772 465 124 37 Paris,
859 465 62 37 8
884 465 100 37 nov.
946 465 112 37 1841,
1021 465 62 37 1
1033 465 50 37 p.

116 495 60 43 pl.
151 495 77 43 in-8.
202 495 180 43 Très-rare
357 495 52 43 12
374 495 26 43 »

142 520 90 47 Il
187 520 105 47 lui
247 520 209 47 recommande
411 520 90 47 M.
456 520 90 47 W.
501 520 149 47 Marks,
605 520 105 47 qui
665 520 134 47 vient
754 520 90 47 de
799 520 179 47 terminer
934 520 105 47 une
978 520 105 47 gra-

108 559 110 50 vure
177 559 151 50 d’après
286 559 82 50 un
327 559 82 50 de
368 559 96 50 ses
423 559 164 50 tableaux
546 559 82 50 et
587 559 96 50 qui
642 559 192 50 désirerait
793 559 82 50 la
834 559 110 50 voir
902 559 164 50 paraître
1012 559 82 50 dans

107 589 144 49 l'Artiste

112 609 98 77 22000
177 609 108 77 MARTIN
253 609 130 77 (Henri),
351 609 65 77 le
383 609 119 77 célèbre
470 609 152 77 historien.
589 609 163 77 P.s,
719 609 87 77 sig.
774 609 98 77 aussi
839 609 76 77 par
882 609 76 77 MM.
915 609 173 77 Labutte

110 668 67 51 et
143 668 156 51 Bry
266 668 112 51 Paris,
345 668 67 51 24
378 668 112 51 juill.
456 668 101 51 1853,
523 668 56 51 2
546 668 67 51 p.
579 668 101 51 in-4.
646 668 56 51 5
657 668 34 51 »

143 699 129 50 Traité
233 699 90 50 par
285 699 129 50 lequel
375 699 77 50 M.
414 699 142 50 Labutte
517 699 103 50 vend
581 699 64 50 à
607 699 77 50 M.
646 699 90 50 Bry
697 699 77 50 un
736 699 245 50 Dictionnaire
929 699 155 50 histo

101 738 157 43 rique
219 738 78 43 de
258 738 183 43 Paris
402 738 105 43 dont
467 738 235 43 l’introduction
663 738 105 43 sera
729 738 118 43 faite
807 738 92 43 par
860 738 78 43 M.
899 738 118 43 Henri
964 738 118 43 Martin,

106 771 179 52 moyennant
244 771 96 52 100
299 771 96 52 fr.
354 771 96 52 par
395 771 138 52 feuille.

109 808 114 57 22001
185 808 101 57 MÉRY
249 808 165 57 (Joseph),
375 808 139 57 célèbre
476 808 127 57 poëte.
565 808 101 57 A
628 808 177 57 Carjat
768 808 114 57 pièce
844 808 76 57 de
881 808 101 57 vers
945 808 101 57 aut.
995 808 89 57 sig.;

108 829 114 62 Bade,
184 829 76 62 18
222 829 177 62 septembre,
361 829 63 62 1
387 829 76 62 p.
425 829 89 62 pl.
475 829 114 62 in-4.
551 829 177 62 Très-jolie
690 829 126 62 pièce.
779 829 89 62 6>»

106 868 118 67 22002
185 868 171 67 MILANOLLO
316 868 171 67 (Teresa),
448 868 145 67 célèbre
553 868 184 67 chanteuse.
698 868 118 67 L.
777 868 105 67 a.
843 868 92 67 s.,
896 868 79 67 en
935 868 171 67 français,
1054 868 39 67 à

112 915 90 38 Mme
164 915 180 38 Leprestre;
305 915 64 38 7
331 915 103 38 nov.
396 915 116 38 1851,
473 915 64 38 2
499 915 77 38 p.
537 915 90 38 1/2
589 915 116 38 in-8.
666 915 116 38 Jolie
743 915 142 38 lettre.
846 915 64 38 3
859 915 39 38 »

115 931 100 57 22003
181 931 111 57 MILLET
259 931 122 57 (Aimé),
348 931 155 57 sculpteur,
470 931 111 57 auteur
547 931 78 57 des
592 931 122 57 statues
681 931 211 57 d'Ariane
858 931 67 57 et
891 931 67 57 du
914 931 177 57 Vercin

109 979 220 52 <ggétorix
295 979 116 52 Dessin
376 979 69 52 au
410 979 116 52 fusain
492 979 69 52 de
526 979 69 52 sa
561 979 116 52 statue
642 979 69 52 de
677 979 69 52 la
711 979 151 52 Poésie
827 979 162 52 légère
955 979 104 52 qu’il
1013 979 69 52 exé-

99 1013 117 41 cuta
173 1013 117 41 pour
246 1013 88 41 le
290 1013 161 41 tombeau
407 1013 88 41 de
450 1013 132 41 Henri
538 1013 176 41 Miirger,
670 1013 132 41 in-4.
758 1013 190 41 Très-beau
904 1013 161 41 dessin.
1021 1013 88 41 12
1050 1013 44 41 »

107 1046 112 45 22004
181 1046 161 45 MIRECOURT
305 1046 137 45 (Eugène
404 1046 99 45 de),
466 1046 174 45 publiciste
603 1046 74 45 et
640 1046 199 45 littérateur.
802 1046 112 45 L.
876 1046 87 45 ai.
926 1046 112 45 s
1000 1046 62 45 à
1013 1046 74 45 Molé

107 1087 207 41 Gentilhomme;
275 1087 91 41 1er
327 1087 104 41 nov.
392 1087 142 41 (1847),
495 1087 65 41 2
521 1087 78 41 p.
560 1087 91 41 1/2
612 1087 116 41 in-8.
689 1087 65 41 3
702 1087 52 41 25

143 1108 234 61 Très-curieuse
336 1108 138 61 épître
433 1108 96 61 sur
488 1108 83 61 la
529 1108 165 61 détresse
653 1108 83 61 où
694 1108 83 61 il
736 1108 83 61 se
777 1108 152 61 trouve.
887 1108 96 61 Les
929 1108 165 61 huissiers-

108 1164 113 42 sont
178 1164 85 42 en
221 1164 127 42 train
305 1164 85 42 de
347 1164 127 42 poser
432 1164 113 42 leur
502 1164 141 42 griffe
601 1164 99 42 sur
657 1164 99 42 ses
714 1164 169 42 meubles.
840 1164 99 42 «Je
897 1164 127 42 veux,
967 1164 127 42 dit

110 1190 97 46 que
166 1190 83 46 ma
207 1190 111 46 mère
276 1190 111 46 paie
345 1190 111 46 d’un
415 1190 111 46 seul
484 1190 111 46 coup
553 1190 83 46 et
595 1190 249 46 définitivement
802 1190 138 46 toutes
899 1190 97 46 mes
941 1190 138 46 dettes.»

109 1235 126 48 22005
193 1235 140 48 MONCEY
290 1235 209 48 (Bon-Adrien
458 1235 154 48 JANNOT,
570 1235 126 48 dit),
653 1235 98 48 duc
709 1235 84 48 de
751 1235 209 48 Conegliano,
919 1235 167 48 maréchal
1030 1235 56 48 de

101 1266 150 47 France.
211 1266 123 47 P.
293 1266 109 47 a.
361 1266 96 47 s.;
416 1266 68 47 à
443 1266 232 47 l’avant-garde
634 1266 82 47 de
675 1266 150 47 l’armée
784 1266 96 47 des
839 1266 164 47 Pyrénées
948 1266 137 47 occiden-

109 1300 120 48 tales,
193 1300 72 48 11
229 1300 144 48 prairial
336 1300 72 48 an
372 1300 84 48 II,
420 1300 60 48 1
444 1300 72 48 p.
480 1300 84 48 1/2
528 1300 84 48 gr.
575 1300 132 48 in-fol.
671 1300 60 48 8
683 1300 36 48 »

142 1316 151 61 Superbe
252 1316 123 61 pièce
334 1316 82 61 où
376 1316 137 61 Moncey
472 1316 123 61 donne
554 1316 110 61 avec
623 1316 96 61 les
677 1316 110 61 plus
746 1316 137 61 grands
842 1316 151 61 détails
952 1316 96 61 ses
993 1316 96 61 états

105 1364 85 37 de
147 1364 155 37 service
260 1364 85 37 et
303 1364 85 37 où
345 1364 85 37 on
388 1364 141 37 trouve
486 1364 85 37 de
529 1364 155 37 curieux
642 1364 254 37 renseignements
854 1364 99 37 sur
910 1364 85 37 sa
939 1364 141 37 famille.

150 1398 61 50 —
174 1398 122 50 (Voy.,
260 1398 98 50 pour
321 1398 110 50 cette
394 1398 110 50 pièce
468 1398 183 50 historique,
614 1398 73 50 le
651 1398 73 50 n°
688 1398 86 50 127
737 1398 73 50 de
773 1398 196 50 l'Amateur
920 1398 159 50 d’auto

112 1434 131 45 fraphes)

107 1448 125 68 22006
190 1448 181 68 MONTALAND
330 1448 181 68 (Céline),
469 1448 153 68 célèbre
580 1448 167 68 actrice.
705 1448 139 68 Dessin
802 1448 83 68 au
844 1448 139 68 crayon
941 1448 139 68 signé,
1025 1448 70 68 re-

107 1509 184 37 présentant
252 1509 79 37 un
291 1509 145 37 moulin,
396 1509 132 37 in-12.
489 1509 158 37 Curieuse
607 1509 132 37 pièce.
699 1509 66 37 4
713 1509 40 37 »

119 1539 80 43 22007
173 1539 125 43 MONTALIVET
271 1539 63 43 (J.
307 1539 54 43 P.
334 1539 125 43 BACHASSON,
432 1539 80 43 comte
486 1539 72 43 de),
530 1539 98 43 célèbre
602 1539 107 43 ministre
682 1539 54 43 de
700 1539 45 43 Na-

116 1575 111 54 oléon
190 1575 86 54 Ier
239 1575 74 54 et
276 1575 111 54 homme
350 1575 136 54 d’Etat.
449 1575 111 54 L.
523 1575 124 54 a
610 1575 86 54 si.
659 1575 74 54 (à
696 1575 99 54 Jean
758 1575 136 54 Debry);
857 1575 148 54 Valence,
968 1575 74 54 28
993 1575 86 54 prai-

109 1607 85 49 rial
162 1607 64 49 an
194 1607 85 49 III,
247 1607 53 49 3
269 1607 64 49 p.
300 1607 95 49 in-4.
364 1607 53 49 4
375 1607 42 49 50

135 1634 244 46 Très-curieuse
336 1634 158 46 lettre,
450 1634 144 46 écrite
551 1634 129 46 comme
637 1634 129 46 maire
723 1634 86 46 de
766 1634 172 46 Valence,
895 1634 86 46 et
938 1634 86 46 où
967 1634 115 46 Monta-

97 1674 130 44 livet
183 1674 130 44 donné
270 1674 260 44 d’intéressants
487 1674 260 44 renseignements
704 1674 101 44 sur
762 1674 145 44 l’état
863 1674 87 44 du
892 1674 188 44 département

105 1712 85 43 de
147 1712 85 43 la
190 1712 142 43 Drôme.
289 1712 99 43 Les
346 1712 198 43 canonniers
502 1712 113 43 sont
573 1712 128 43 moins
658 1712 241 43 insubordonnés
856 1712 85 43 et
899 1712 85 43 la
941 1712 128 43 garde
1012 1712 71 43 na-

106 1745 151 38 tionale
216 1745 179 38 s’habitue
354 1745 69 38 à
382 1745 96 38 ses
437 1745 165 38 nouveaux
547 1745 110 38 chefs.

109 1765 107 58 22008
180 1765 130 58 MONTEIL
275 1765 130 58 (Alexis
370 1765 95 58 de),
429 1765 142 58 l’auteur
535 1765 71 58 de
571 1765 201 58 l'Histoire
737 1765 83 58 des
784 1765 154 58 Français.
903 1765 71 58 L.
938 1765 118 58 a
1021 1765 83 58 si.
1056 1765 36 58 à

977 1810 132 48 3
1003 1810 79 48 »

107 1816 77 42 M.
146 1816 154 42 Clément;
261 1816 115 42 Paris
338 1816 115 42 1836,
415 1816 64 42 1
440 1816 77 42 p.
479 1816 115 42 in-4.
555 1816 115 42 Belle
632 1816 141 42 lettre.
735 1816 64 42 3
748 1816 38 42 »

106 1856 121 32 22009
186 1856 121 32 NADAR
267 1856 135 32 (Félix
362 1856 202 32 TOURNACHON,
524 1856 121 32 dit),
605 1856 135 32 habile
699 1856 243 32 caricaturiste.
902 1856 148 32 Pouvoir
996 1856 81 32 sig.

118 1886 89 41 Félix
185 1886 104 41 Tournachon
267 1886 112 41 Nadar,
356 1886 52 41 1/2
386 1886 45 41 p.
408 1886 67 41 in-4.
453 1886 37 41 2
460 1886 30 41 50

107 1915 114 50 22010
184 1915 153 50 NAPOLÉON
298 1915 102 50 Ier,
362 1915 153 50 empereur
476 1915 89 50 des
527 1915 165 50 Français.
654 1915 114 50 L.
730 1915 76 50 s.
768 1915 178 50 Napol
908 1915 64 50 à
921 1915 165 50 Kellermann;

108 1959 163 44 Osterode,
234 1959 75 44 18
272 1959 100 44 mars
334 1959 113 44 1807,
410 1959 63 44 1
435 1959 75 44 p.
473 1959 88 44 1/2
523 1959 113 44 in-4.
598 1959 75 44 13
623 1959 38 44 »

141 1989 221 41 Intéressante
321 1989 152 41 lettre,
432 1989 83 41 où
473 1989 83 41 il
515 1989 97 41 lui
570 1989 194 41 recommande
722 1989 83 41 de
764 1989 152 41 retenir
874 1989 83 41 en
916 1989 138 41 France
999 1989 83 41 tous

47 2025 103 51 les
106 2025 147 51 hommes
209 2025 88 51 de
253 2025 192 51 cavalerie
401 2025 74 51 à
430 2025 118 51 pied
504 2025 88 51 et
548 2025 88 51 de
592 2025 88 51 ne
637 2025 103 51 les
696 2025 162 51 laisser
814 2025 147 51 partir
917 2025 103 51 que
961 2025 118 51 montés

100 2060 86 41 et
128 2060 143 41 équipés.

106 2083 119 51 22011
185 2083 132 51 NAVIER
277 2083 106 51 (CI.
343 2083 79 51 L.
383 2083 79 51 M.
423 2083 106 51 H.),
489 2083 79 51 un
528 2083 92 51 des
581 2083 106 51 plus
647 2083 145 51 savants
753 2083 185 51 ingénieurs
898 2083 79 51 de
938 2083 92 51 son
977 2083 106 51 temps,

105 2134 124 40 membre
191 2134 74 40 de
228 2134 186 40 l’Institut,
377 2134 74 40 né
414 2134 62 40 à
439 2134 124 40 Dijon.
525 2134 111 40 L.
600 2134 124 40 a
686 2134 74 40 s.
723 2134 74 40 au
760 2134 111 40 comte
835 2134 111 40 Molé;
909 2134 74 40 30
946 2134 99 40 nov.
995 2134 87 40 1810.

114 2163 52 53 1
134 2163 62 53 p.
165 2163 72 53 3/4
207 2163 93 53 in-4.
269 2163 93 53 Belle
331 2163 114 53 lettre.
413 2163 52 53 2
424 2163 41 53 25
