1141 2227
539 22 83 61 —
573 22 83 61 2
589 22 50 61 —

129 71 145 68 compensations.
250 71 72 68 L.
298 71 48 68 a.
322 71 80 68 s.
378 71 40 68 à
394 71 56 68 MM.
426 71 48 68 G.
451 71 88 68 Cuvier,
515 71 80 68 Turpin
571 71 48 68 et
595 71 96 68 Fourier;
660 71 64 68 Paris,

130 121 71 55 30
166 121 94 55 nov.
225 121 106 55 1822,
295 121 71 55 1.
331 121 71 55 p.
366 121 106 55 in-4.
437 121 59 55 2
449 121 47 55 50

167 147 47 56 Il
191 147 86 56 demande
253 147 47 56 la
277 147 86 56 faculté
340 147 47 56 de
363 147 71 56 faire
410 147 47 56 un
434 147 71 56 cours
481 147 47 56 de
504 147 118 56 philosophie
598 147 63 56 dans
637 147 47 56 la
653 147 55 56 salle

133 192 109 47 lont
202 192 96 47 ils
256 192 191 47 disposent.
406 192 109 47 Suit
475 192 96 47 une
529 192 178 47 apostille
666 192 109 47 aut.
734 192 109 47 sig.
803 192 82 47 de
844 192 137 47 chacun
939 192 96 47 des
980 192 123 47 profes-

125 229 137 45 seurs
216 229 197 45 ci-dessus
352 229 137 45 nommés.

139 267 106 56 20237
210 267 130 56 BABINET
304 267 165 56 (Jacques),
434 267 130 56 célèbre
528 267 165 56 astronome,
658 267 118 56 membre
741 267 71 56 de
776 267 177 56 l’Institut.
917 267 106 56 L.
988 267 71 56 a.
1012 267 94 56 s.

136 304 63 49 à
162 304 76 49 M.
200 304 164 49 Bertrand;
326 304 126 49 Paris,
414 304 114 49 1847,
490 304 63 49 1
515 304 76 49 p.
553 304 114 49 in-8.
629 304 63 49 1
641 304 51 49 50

132 351 78 40 20238
185 351 87 40 BAILLY
246 351 61 40 (J.
281 351 113 40 Sylvain),
368 351 87 40 savant
429 351 122 40 astronome,
525 351 96 40 premier
594 351 78 40 maire
647 351 52 40 de
664 351 70 40 Paris,

134 388 131 30 membre
225 388 78 30 de
264 388 144 30 l’Acad.
369 388 91 30 fr.
421 388 117 30 L.
499 388 78 30 a.
539 388 131 30 s.
630 388 65 30 à
656 388 78 30 M.
695 388 131 30 Meyer,
787 388 144 30 premier
891 388 104 30 aide
956 388 78 30 de
996 388 104 30 camp
1048 388 52 30 de

135 422 197 45 Lafayette,
289 422 70 45 à
318 422 126 45 Metz;
402 422 140 45 Paris,
500 422 84 45 16
542 422 126 45 avril
627 422 126 45 1792,
711 422 70 45 1
739 422 84 45 p.
781 422 98 45 pl.
837 422 126 45 in-4,
921 422 154 45 cachet.
1034 422 84 45 30
1062 422 42 45 »

161 441 166 46 Curieuse
286 441 138 46 lettre
382 441 166 46 relative
507 441 69 46 à
534 441 152 46 l’armée
645 441 83 46 du
686 441 138 46 centre
783 441 83 46 et
825 441 69 46 à
852 441 180 46 l’ovation
990 441 97 46 que
1032 441 69 46 La-

129 469 172 56 fayette,
258 469 100 56 son
315 469 158 56 général
430 469 86 56 en
473 469 115 56 chef
545 469 72 56 a
573 469 129 56 reçue
659 469 86 56 en
702 469 86 56 se
745 469 158 56 rendant
860 469 72 56 à
889 469 129 56 Metz.
975 469 86 56 Il
1004 469 100 56 donne

133 512 97 42 des
189 512 152 42 détails
299 512 97 42 sur
355 512 97 42 les
410 512 180 42 intrigues
549 512 97 42 qui
604 512 97 42 ont
660 512 111 42 lieu
729 512 69 42 à
757 512 125 42 Paris
840 512 139 42 contre
937 512 83 42 le
964 512 139 42 général.

133 547 102 37 «Je
192 547 117 37 suis
265 547 132 37 fâché
353 547 88 37 du
397 547 161 37 tableau
514 547 102 37 que
572 547 117 37 vous
645 547 146 37 faites
748 547 102 37 des
806 547 146 37 femmes
909 547 88 37 de
953 547 132 37 Metz;
1026 547 73 37 vos

135 578 120 41 lames
215 578 213 41 aristocrates
388 578 146 41 doivent
494 578 106 41 vous
560 578 120 41 faire
640 578 93 41 une
694 578 133 41 triste
787 578 173 41 société:»
920 578 80 41 il
960 578 93 41 n’y
1013 578 67 41 a
1026 578 80 41 rien

134 613 65 45 à
160 613 144 45 espérer
252 613 170 45 d’elles...»

138 639 112 55 20239
212 639 112 55 BANKS
286 639 136 55 (Jos.),
385 639 136 55 célèbre
485 639 149 55 voyageur
596 639 74 55 et
633 639 186 55 naturalisle
782 639 149 55 anglais.
893 639 112 55 L.
968 639 74 55 a.
992 639 112 55 s.

133 686 72 49 13
169 686 85 49 mai
217 686 109 49 1794,
290 686 60 49 1
314 686 72 49 p.
350 686 109 49 in-4,
423 686 60 49 2
435 686 48 49 50

132 710 110 62 20240
205 710 122 62 BARRAS
290 710 134 62 (Paul),
388 710 208 62 conventionnel
559 710 147 62 célèbre,
669 710 159 62 président
791 710 73 62 du
828 710 171 62 Directoire
950 710 73 62 exé-

135 763 131 41 cutif.
226 763 117 41 Pièce
305 763 117 41 a.
383 763 131 41 s.
474 763 117 41 comme
553 763 235 41 administrateur
749 763 78 41 du
788 763 104 41 Var;
853 763 117 41 Nice,
931 763 65 41 2
957 763 104 41 oct.
1010 763 91 41 1792,

142 798 57 42 1
164 798 68 42 p.
198 798 136 42 in-fol.,
301 798 91 42 tête
357 798 102 42 impr.
426 798 102 42 Belle
494 798 114 42 pièce.
573 798 57 42 6
585 798 45 42 50

133 816 106 62 20241
204 816 95 62 BART
263 816 130 62 (Jean),
358 816 71 62 le
393 816 95 62 plus
453 816 106 62 brave
523 816 106 62 marin
594 816 71 62 de
630 816 83 62 son
677 816 118 62 temps.
760 816 106 62 Pièce
831 816 166 62 s.
961 816 83 62 sur
997 816 106 62 papier;

142 871 113 43 680,
212 871 70 43 1
240 871 84 43 p.
283 871 99 43 1/4
339 871 127 43 in-4.
423 871 141 43 Légère
522 871 127 43 tache
606 871 127 43 d’eau
691 871 113 43 dans
761 871 84 43 le
803 871 99 43 bas
860 871 225 43 n’atteignant
1029 871 70 43 pas

133 898 47 49 le
157 898 78 49 texte.
211 898 125 49 Rare
313 898 47 49 50
329 898 23 49 »

140 924 130 60 20242
226 924 173 60 BEAUVAIS
356 924 87 60 DE
399 924 144 60 PRÉAUX
500 924 115 60 (Ch.
572 924 144 60 Nic.),
673 924 173 60 médecin,
803 924 260 60 conventionnel,
1005 924 101 60 connu

141 981 77 46 ar
180 981 90 46 son
231 981 167 46 énergique
360 981 141 46 mission
462 981 64 46 à
488 981 141 46 Toulon.
591 981 116 46 L.
668 981 77 46 a.
707 981 129 46 s.
797 981 64 46 à
822 981 90 46 son
874 981 154 46 collègue
976 981 129 46 Moltedo;

133 1011 235 36 Saint-Geniès
324 1011 88 36 an
368 1011 103 36 II,
427 1011 73 36 1
456 1011 88 36 p.
500 1011 103 36 1/2
559 1011 132 36 in-4.
646 1011 205 36 Très-belle
808 1011 147 36 lettre
910 1011 88 36 de
940 1011 161 36 récomman-

139 1038 95 40 dation.
208 1038 43 40 3
217 1038 26 40 »

138 1067 60 66 20243
178 1067 99 66 BEAUVOLLIER
258 1067 46 66 (P.
284 1067 40 66 L.
304 1067 60 66 VALOT
344 1067 53 66 de),
377 1067 79 66 général,
436 1067 139 66 intendant-général
555 1067 40 66 de
569 1067 46 66 l’ar-

135 1118 93 51 mée
188 1118 186 51 catholique
334 1118 80 51 et
374 1118 147 51 royale.
481 1118 120 51 L.
561 1118 80 51 a.
601 1118 133 51 s.
694 1118 67 51 à
721 1118 80 51 M.
761 1118 133 51 Boyer;
854 1118 80 51 an
894 1118 107 51 XII,
960 1118 67 51 2
987 1118 80 51 p.
1014 1118 93 51 in

1018 1150 84 46 3
1035 1150 67 46 50

143 1168 104 63 20244
213 1168 139 63 BÉRANGER
317 1168 81 63 (P.
363 1168 69 63 J.
398 1168 92 63 de),
456 1168 104 63 notre
525 1168 173 63 chansonnier
664 1168 150 63 national.
779 1168 104 63 L.
849 1168 69 63 a.
883 1168 116 63 s.
964 1168 69 63 (à
999 1168 81 63 Mme
1034 1168 69 63 Cau-

131 1221 257 39 chois-Lemaire),
348 1221 68 39 4
375 1221 81 39 p.
415 1221 95 39 pl.
470 1221 122 39 in-8.
551 1221 189 39 Très-jolie
699 1221 149 39 épître,
808 1221 81 39 où
848 1221 81 39 il
889 1221 81 39 la
929 1221 162 39 remercie
1037 1221 68 39 des

134 1249 133 54 cadeaux
231 1249 73 54 du
267 1249 97 54 jour
328 1249 73 54 de
364 1249 109 54 l’an.
437 1249 61 54 5
449 1249 36 54 »

135 1271 114 56 20245
212 1271 76 56 LE
250 1271 114 56 MÊME.
326 1271 114 56 L.
402 1271 76 56 a.
440 1271 127 56 s.
529 1271 64 56 à
555 1271 76 56 la
593 1271 114 56 même;
669 1271 127 56 Passy,
758 1271 76 56 21
796 1271 102 56 juin
860 1271 140 56 (1834),
961 1271 64 56 3
987 1271 76 56 p.
1012 1271 89 56 in

135 1334 131 44 olie
216 1334 180 44 épître,
347 1334 98 44 ou
396 1334 98 44 il
445 1334 114 44 est
510 1334 196 44 question
657 1334 98 44 de
706 1334 114 44 Mme
771 1334 196 44 Brissot.
918 1334 82 44 4
935 1334 65 44 50

132 1358 99 42 20246
198 1358 66 42 LE
231 1358 99 42 MÊME.
298 1358 99 42 L.
364 1358 66 42 a.
397 1358 110 42 s.
474 1358 55 42 à
496 1358 66 42 la
529 1358 99 42 même,
596 1358 55 42 1
618 1358 66 42 p.
651 1358 77 42 pl.
695 1358 99 42 in-8.
761 1358 99 42 Jolie
828 1358 121 42 lettre.
916 1358 55 42 4
927 1358 33 42 »

131 1401 165 46 BERGASSE
255 1401 192 46 (Nicolas),
406 1401 137 46 avocat
502 1401 165 46 célèbre,
625 1401 219 46 constituant,
803 1401 192 46 publiciste
940 1401 165 46 royaliste,

135 1436 164 36 illuminé.
261 1436 113 36 L.
337 1436 75 36 a.
374 1436 126 36 s.
462 1436 63 36 à
488 1436 75 36 M.
525 1436 75 36 de
563 1436 176 36 L’Estrade,
701 1436 88 36 3/4
752 1436 75 36 de
790 1436 75 36 p.
827 1436 113 36 in-4.
903 1436 151 36 Relative
1016 1436 75 36 au
1041 1436 63 36 mo-

130 1462 146 43 nument
232 1462 87 43 de
276 1462 189 43 Pichegru.
422 1462 73 43 4
436 1462 44 43 »

139 1502 132 41 20248
227 1502 161 41 BERLIOZ
345 1502 191 41 (Hector),
492 1502 161 41 célèbre
609 1502 220 41 compositeur
785 1502 88 41 de
829 1502 176 41 musique,
961 1502 147 41 membre
1049 1502 59 41 de

130 1531 229 59 l’Institut.
313 1531 137 59 L.
404 1531 92 59 a.
450 1531 168 59 s.
572 1531 137 59 1851,
664 1531 76 59 1
694 1531 92 59 p.
740 1531 137 59 in-8.
831 1531 137 59 Jolie
923 1531 168 59 lettre.
1045 1531 76 59 2
1060 1531 46 59 »

141 1575 128 44 20249
226 1575 199 44 BERNADOTTE
382 1575 113 44 (Ch.
453 1575 142 44 Jean),
552 1575 170 44 maréchal
680 1575 85 44 de
722 1575 156 44 France,
836 1575 113 44 puis
906 1575 99 44 roi
963 1575 85 44 de
992 1575 113 44 Suède.

132 1611 115 41 L.
209 1611 141 41 s.
311 1611 115 41 comme
388 1611 102 41 roi,
452 1611 102 41 avec
516 1611 77 41 la
554 1611 179 41 souscript.
695 1611 77 41 de
733 1611 115 41 trois
810 1611 128 41 lignes
899 1611 115 41 aut.,
976 1611 64 41 à
1002 1611 77 41 M.
1027 1611 77 41 Jouy

145 1643 77 38 de
184 1643 141 38 l’Acad.
286 1643 115 38 fr.);
363 1643 179 38 Stockholm,
504 1643 77 38 18
542 1643 102 38 août
606 1643 115 38 1837,
683 1643 64 38 2
709 1643 77 38 p.
747 1643 115 38 in-4.
824 1643 64 38 7
837 1643 51 38 50

134 1684 197 42 Très-jolie
289 1684 155 42 lettre,
402 1684 85 42 où
444 1684 85 42 il
486 1684 99 42 lui
542 1684 155 42 exprime
655 1684 99 42 ses
712 1684 155 42 regrets
824 1684 85 42 de
867 1684 155 42 n’avoir
979 1684 99 42 pas
1021 1684 85 42 reçu

134 1709 74 58 la
171 1709 172 58 colléction
306 1709 74 58 de
343 1709 86 58 ses
392 1709 222 58 Œuvres
577 1709 74 58 et
614 1709 98 58 fait
675 1709 74 58 le
712 1709 98 58 plus
774 1709 111 58 grand
848 1709 111 58 éloge
921 1709 74 58 de
958 1709 86 58 ses
995 1709 111 58 écrits.

131 1748 126 40 20250
215 1748 140 40 BERNIS
313 1748 98 40 (le
369 1748 168 40 cardinal
494 1748 112 40 de),
564 1748 140 40 habile
662 1748 210 40 négociateur
830 1748 84 40 et
871 1748 140 40 poëte,
969 1748 140 40 membre
1053 1748 56 40 de

141 1784 138 45 l'Acad.
241 1784 88 45 fr.
291 1784 113 45 L.
366 1784 75 45 a.
403 1784 125 45 s.
491 1784 63 45 à
516 1784 75 45 la
553 1784 175 45 présidente
691 1784 75 45 de
728 1784 175 45 Meinières;
866 1784 113 45 Alby,
941 1784 75 45 12
978 1784 88 45 mai
1016 1784 88 45 1766,

135 1812 55 51 2
157 1812 66 51 p.
190 1812 99 51 in-4.
256 1812 154 51 Très-jolie
376 1812 121 51 lettre.
464 1812 66 51 12
486 1812 33 51 »

140 1840 113 59 20251
216 1840 100 59 BERT
278 1840 88 59 (P.
328 1840 125 59 NIc.),
416 1840 188 59 journaliste
566 1840 75 59 et
603 1840 125 59 auteur
691 1840 188 59 dramatique,
841 1840 100 59 l’un
904 1840 88 59 des
941 1840 163 59 signataires

131 1895 81 38 de
171 1895 81 38 la
211 1895 216 38 protestation
387 1895 135 38 contre
481 1895 94 38 les
535 1895 202 38 ordonnances
697 1895 81 38 de
737 1895 162 38 juillet,
858 1895 108 38 mort
926 1895 94 38 fou
980 1895 81 38 en
1007 1895 94 38 1843.

139 1920 117 58 L.
217 1920 78 58 a.
256 1920 130 58 s.
347 1920 65 58 à
373 1920 91 58 Mme
426 1920 274 58 Cauchois-Lemaire:
660 1920 78 58 15
699 1920 143 58 février
803 1920 143 58 (1840),
908 1920 65 58 7
934 1920 78 58 p.
973 1920 117 58 in-4.
1051 1920 65 58 4
1064 1920 39 58 »

130 1961 253 53 Très-curieuse
338 1961 163 53 lettre,
457 1961 89 53 où
502 1961 89 53 il
546 1961 134 53 donne
635 1961 89 53 le
680 1961 119 53 plan
754 1961 119 53 d’un
829 1961 163 53 ouvrage
948 1961 104 53 sur
1007 1961 89 53 la
1037 1961 74 53 fa-

136 1987 130 65 mille
222 1987 188 65 française
367 1987 87 65 et
410 1987 145 65 expose
512 1987 101 65 ses
570 1987 130 65 idées
656 1987 101 65 sur
714 1987 87 65 le
758 1987 159 65 mariage
873 1987 87 65 et
917 1987 87 65 la
946 1987 159 65 condition

138 2029 107 51 les
184 2029 137 51 femmes,

134 2048 112 66 20252
208 2048 112 66 BLANC
283 2048 149 66 (Louis),
395 2048 137 66 célèbre
495 2048 174 66 historien,
632 2048 124 66 membre
719 2048 75 66 du
756 2048 199 66 Gouvernement
905 2048 100 66 provi-

139 2104 112 51 soire
213 2104 75 51 en
251 2104 112 51 1848.
326 2104 112 51 L.
400 2104 75 51 a.
438 2104 125 51 s.
525 2104 75 51 au
563 2104 162 51 directeur
687 2104 75 51 de
725 2104 175 51 l’Académie
862 2104 75 51 de
899 2104 150 51 musique;
999 2104 100 51 Paris.

134 2131 75 49 19
171 2131 100 49 août
233 2131 112 49 1840,
308 2131 87 49 3/4
358 2131 75 49 de
395 2131 75 49 p.
432 2131 112 49 in-4.
507 2131 162 49 Curieuse.
632 2131 62 49 5
644 2131 50 49 50
