1164 2240
535 32 47 50 —
553 32 56 50 14
572 32 28 50 —

121 81 131 66 20446
209 81 160 66 REGNAUD
325 81 87 66 DE
368 81 203 66 SAINT-JEAN
528 81 174 66 D’ANGELY
659 81 102 66 (M.
717 81 87 66 L.
761 81 131 66 Et.),
848 81 232 66 constituant,
1022 81 73 66 mi-

124 129 109 49 nistre
201 129 120 49 d’Etat,
288 129 109 49 membre
364 129 66 49 de
397 129 120 49 l’Acad.
485 129 87 49 fr.:
539 129 66 49 1°
572 129 98 49 L.
638 129 66 49 a.
670 129 109 49 s.
747 129 55 49 1
769 129 66 49 p.
801 129 98 49 in-8;
867 129 66 49 2°
900 129 76 49 L.
933 129 87 49 a.

123 162 61 48 à
147 162 146 48 Malouet;
256 162 134 48 (Paris,
353 162 85 48 1er
402 162 134 48 ventôse
499 162 85 48 (an
548 162 109 48 XII),
621 162 61 48 2
645 162 73 48 p.
681 162 134 48 in-fol.
778 162 61 48 6
790 162 49 48 50

153 199 167 46 Curieuse
278 199 139 46 lettre
375 199 167 46 relative
500 199 69 46 à
528 199 180 46 l’affaire
667 199 83 46 de
708 199 153 46 Moreau,
819 199 111 46 dont
889 199 83 46 il
930 199 111 46 est;
986 199 111 46 chargé

122 233 199 39 d’examiner
278 233 99 39 les
335 233 170 39 papiers.
463 233 99 39 «Le
520 233 199 39 malheureux
676 233 99 39 que
733 233 85 39 ce
775 233 170 39 Moreaul!
903 233 99 39 que
960 233 85 39 de
988 233 114 39 gloire

119 266 87 44 il
162 266 72 44 a
191 266 130 44 perdu
278 266 116 44 pour
350 266 130 44 faire
437 266 87 44 un
481 266 130 44 grand
568 266 101 44 mal
626 266 72 44 à
655 266 101 44 son
713 266 188 44 pays!...»
858 266 87 44 Il
901 266 130 44 parle
974 266 130 44 ensuite

122 300 83 47 de
164 300 153 47 Lucien,
275 300 97 47 qui
331 300 97 47 est
386 300 83 47 en
428 300 167 47 brouille
553 300 111 47 avec
622 300 97 47 son
678 300 111 47 père
748 300 69 47 à
775 300 139 47 propos
873 300 83 47 de
914 300 97 47 son
956 300 139 47 mariage.

127 337 118 49 20447
206 337 144 49 REGNIER
310 337 105 49 (Fr.
376 337 131 49 Jos.),
468 337 79 49 un
507 337 92 49 des
560 337 170 49 meilleurs
691 337 170 49 comédiens
822 337 79 49 du
848 337 249 49 Théâtre

135 371 86 56 L.
193 371 57 56 a.
221 371 105 56 s.
297 371 86 56 1854,
354 371 48 56 2
373 371 57 56 p.
402 371 86 56 in-8.
459 371 48 56 2
468 371 29 56 »

134 388 119 72 20448
213 388 106 72 RETZ
280 388 93 72 (J.
333 388 93 72 Fr.
386 388 106 72 Paul
452 388 80 72 de
492 388 133 72 GondI,
585 388 159 72 cardinal
704 388 106 72 de),
770 388 186 72 coadjuteur
916 388 80 72 de
956 388 133 72 Paris,
1036 388 66 72 fa-

131 458 99 36 meux
193 458 162 36 frondeur,
317 458 124 36 auteur
404 458 75 36 de
441 458 162 36 Mémoires.
566 458 112 36 L.
640 458 137 36 s.
739 458 99 36 avec
802 458 75 36 la
839 458 174 36 souscript.
976 458 112 36 aut.,
1038 458 37 36 à

130 481 64 43 M.
162 481 86 43 ...,
216 481 54 43 3
237 481 64 43 p.
270 481 118 43 in-fol.
355 481 64 43 14
377 481 32 43 »

155 502 297 55 Très-intéressante
410 502 142 55 lettre
509 502 85 55 où
551 502 85 55 il
594 502 170 55 proteste
721 502 85 55 de
763 502 99 55 son
820 502 212 55 attachement
990 502 113 55 pour
1046 502 57 55 le

129 545 106 49 roi,
195 545 106 49 dont
261 545 80 49 il
301 545 146 49 demande
407 545 93 49 les
460 545 133 49 bonnes
553 545 146 49 grâces.
659 545 80 49 Il
699 545 106 49 prie
765 545 80 49 le
805 545 93 49 roi
858 545 80 49 de
898 545 119 49 jeter
978 545 93 49 les
1017 545 80 49 yeux

127 573 98 57 sur
183 573 139 57 l’état
280 573 84 57 où
322 573 84 57 il
364 573 98 57 est
420 573 98 57 «et
476 573 84 57 de
517 573 84 57 ne
559 573 98 57 pas
615 573 153 57 refuser
727 573 70 57 à
754 573 98 57 mon
810 573 98 57 âge
866 573 98 57 qui
922 573 181 57 s’advance
1047 573 56 57 et

125 612 104 48 aux
184 612 237 48 incommoditez
377 612 89 48 de
421 612 89 48 ma
466 612 133 48 santé
554 612 104 48 qui
614 612 207 48 augmentent
776 612 118 48 tous
850 612 104 48 les
910 612 133 48 jours
998 612 89 48 ce
1028 612 74 48 qui

130 651 126 41 m’est
214 651 197 41 nécessaire
369 651 112 41 pour
439 651 154 41 achever
551 651 112 41 avec
622 651 112 41 plus
692 651 84 41 de
734 651 126 41 repos
818 651 84 41 le
860 651 98 41 peu
916 651 98 41 qui
973 651 84 41 me
1001 651 98 41 reste

130 679 85 53 de
172 679 85 53 la
215 679 100 53 vie
272 679 100 53 que
329 679 85 53 je
372 679 228 53 souhaiterois
556 679 114 53 avec
628 679 156 53 passion
741 679 85 53 de
784 679 156 53 pouvoir
898 679 171 53 employer
1012 679 85 53 pour

131 719 98 42 son
173 719 181 42 service...»

131 739 118 65 20449
210 739 132 65 RICHER
302 739 79 65 DE
341 739 145 65 SERIZY,
447 739 145 65 célèbre
552 739 197 65 journaliste
710 739 79 65 et
750 739 158 65 écrivain
868 739 184 65 royaliste,
1000 739 105 65 rédac-

132 773 100 59 teur
195 773 75 59 de
233 773 239 59 l'Accusateur
434 773 138 59 public.
534 773 75 59 L.
572 773 75 59 a.
609 773 126 59 s.
697 773 63 59 à
722 773 100 59 Cam.
785 773 188 59 Desmoulins,
936 773 88 59 1/2
986 773 75 59 p.
1011 773 88 59 in

139 824 92 44 cachet.
205 824 42 44 5
214 824 33 44 50

154 843 172 58 Curieuse
282 843 143 58 épître
382 843 86 58 où
425 843 86 58 il
468 843 86 58 le
511 843 157 58 supplie
625 843 86 58 de
668 843 129 58 venir
754 843 86 58 le
797 843 129 58 voir.
883 843 143 58 «Viens
968 843 129 58 sur-

134 884 139 48 champ;
231 884 139 48 viens,
329 884 83 48 je
370 884 111 48 t’en
440 884 167 48 conjure,
565 884 83 48 si
607 884 195 48 l’humanité
759 884 83 48 te
787 884 153 48 parle...»

145 900 106 67 20450
216 900 118 67 RICORD
299 900 83 67 (J.
346 900 95 67 F.),
405 900 118 67 député
488 900 71 67 du
523 900 83 67 Var
570 900 59 67 à
594 900 71 67 la
630 900 177 67 Convention.
771 900 106 67 L.
842 900 71 67 a.
878 900 118 67 s.
960 900 59 67 à
972 900 130 67 Saliceti:

132 955 115 47 Nice,
209 955 77 47 18
248 955 167 47 thermidor
376 955 77 47 an
414 955 90 47 II,
465 955 64 47 2
491 955 90 47 pl.
542 955 128 47 in-pl.
632 955 115 47 in-4.
709 955 64 47 6
722 955 38 47 »

160 971 85 73 Il
202 971 99 73 lui
259 971 128 73 parle
344 971 99 73 des
401 971 199 73 événements
557 971 85 73 du
600 971 71 73 9
628 971 199 73 thermidor.
784 971 99 73 «Je
841 971 142 73 plains
926 971 185 73 Robespierre

130 1024 142 49 jeune,
229 1024 100 49 qui
286 1024 114 49 aura
358 1024 114 49 sans
429 1024 128 49 doute
514 1024 100 49 été
571 1024 171 49 entraîné
699 1024 100 49 par
756 1024 100 49 son
813 1024 128 49 frère
898 1024 114 49 dans
970 1024 128 49 cette
1041 1024 71 49 in-

133 1052 116 55 fâme
205 1052 246 55 conspiration,
408 1052 116 55 mais
480 1052 87 55 je
524 1052 159 55 préfère
639 1052 87 55 sa
683 1052 116 55 mort
755 1052 101 55 aux
813 1052 217 55 inquiétudes
987 1052 101 55 que
1031 1052 72 55 son

133 1100 187 37 existence
277 1100 159 37 pouvait
392 1100 144 37 donner
493 1100 72 37 à
522 1100 87 37 ma
551 1100 144 37 patrie.»

136 1125 120 54 20451
216 1125 200 54 ROBESPIERRE
375 1125 226 54 (Maximilien),
562 1125 147 54 célèbre
668 1125 240 54 conventionnel,
868 1125 160 54 décapité
988 1125 80 54 en
1015 1125 93 54 1794.

140 1168 109 51 Arrêté
217 1168 98 51 a.
282 1168 120 51 s.
370 1168 88 51 sig.
425 1168 98 51 aussi
490 1168 77 51 par
534 1168 241 51 Billaud-Varenne
742 1168 153 51 Barère
862 1168 66 51 et
895 1168 77 51 C.
939 1168 66 51 A.
961 1168 142 51 Prieur;

132 1206 132 55 Paris,
224 1206 79 55 27
264 1206 145 55 floréal
369 1206 79 55 an
409 1206 92 55 II,
462 1206 66 55 1
488 1206 79 55 p.
528 1206 119 55 in-4,
607 1206 106 55 vig.
673 1206 79 55 et
713 1206 106 55 tête
779 1206 119 55 impr.
858 1206 211 55 Rare
1030 1206 92 55 125
1069 1206 40 55 »

178 1229 103 60 Mise
243 1229 77 60 en
281 1229 193 60 arrestation
436 1229 77 60 de
475 1229 271 60 Jourdeuil
706 1229 168 60 ci-devant
835 1229 142 60 adjoint
938 1229 77 60 au
964 1229 142 60 ministère

134 1266 82 55 de
175 1266 82 55 la
202 1266 123 55 guerre.

136 1299 135 50 20452
226 1299 210 50 ROCHAMBEAU
391 1299 105 50 (J.
451 1299 90 50 B.
496 1299 180 50 Donatien
632 1299 90 50 de
677 1299 165 50 VIMEUR,
797 1299 105 50 cte
857 1299 120 50 de),
932 1299 180 50 maréchal
1052 1299 60 50 de

139 1338 130 50 France.
234 1338 106 50 L.
304 1338 130 50 a.
399 1338 94 50 sig.
458 1338 106 50 le
529 1338 106 50 vieux
599 1338 177 50 Rochambeau,
741 1338 118 50 ancien
824 1338 142 50 maréchal
930 1338 71 50 de
954 1338 153 50 France

131 1374 74 46 à
161 1374 163 46 Mathieu
279 1374 148 46 Dumas;
383 1374 222 46 Rochambeau,
561 1374 89 46 27
605 1374 178 46 brumaire
739 1374 89 46 an
783 1374 133 46 XIII,
872 1374 104 46 3/4
931 1374 89 46 de
976 1374 89 46 p.
1005 1374 104 46 in

1022 1398 93 43 4
1040 1398 74 43 50

153 1438 178 47 Relative
286 1438 74 47 à
316 1438 89 47 sa
360 1438 207 47 nomination
523 1438 89 47 au
568 1438 133 47 grade
657 1438 89 47 de
701 1438 267 47 grand-officier
923 1438 89 47 de
968 1438 89 47 la
997 1438 119 47 Légion

114 1482 193 43 d’Honneur.

142 1514 122 42 20453
224 1514 162 42 ROEDERER
345 1514 95 42 (P.
399 1514 149 42 Louis),
508 1514 216 42 constituant,
683 1514 203 42 littérateur
846 1514 176 42 distingué
981 1514 135 42 membre
1062 1514 54 42 de

134 1537 139 52 l’Acad.
236 1537 89 52 fr.
286 1537 114 52 L.
362 1537 76 52 a.
400 1537 126 52 s.
488 1537 63 52 à
514 1537 76 52 M.
552 1537 177 52 Perregaux;
691 1537 63 52 5
716 1537 101 52 nov.
779 1537 76 52 an
817 1537 89 52 IX,
868 1537 63 52 2
893 1537 76 52 p.
931 1537 89 52 3/4
982 1537 114 52 in-4.
1045 1537 63 52 Une

149 1580 120 40 piqûre
233 1580 72 40 de
269 1580 96 40 vers
329 1580 192 40 n’atteignant
486 1580 84 40 pas
534 1580 72 40 le
570 1580 120 40 texte.
654 1580 60 40 2
666 1580 48 40 50

132 1617 118 55 20454
210 1617 157 55 RONDELET
328 1617 144 55 (Jean),
433 1617 144 55 célèbre
538 1617 196 55 architecte,
695 1617 79 55 un
734 1617 92 55 des
787 1617 223 55 organisateurs
970 1617 79 55 de
996 1617 118 55 l’École

149 1653 228 54 polytechnique,
339 1653 126 54 membre
427 1653 76 54 de
465 1653 190 54 l’Institut.
617 1653 114 54 L.
693 1653 76 54 a.
731 1653 126 54 s.
819 1653 63 54 à
845 1653 202 54 l’architecte
996 1653 114 54 Vignon-

138 1694 120 46 Paris,
222 1694 72 46 an
258 1694 96 46 XIV;
318 1694 60 46 1
341 1694 72 46 p.
377 1694 108 46 in-4.
449 1694 60 46 3
461 1694 48 46 50

143 1726 120 45 20455
223 1726 160 45 ROUSSEAU
343 1726 173 45 (Thomas),
476 1726 120 45 poëte
556 1726 80 45 et
596 1726 213 45 littérateur,
769 1726 107 45 l’un
836 1726 93 45 des
889 1726 160 45 premiers
996 1726 120 45 membres

137 1752 84 51 du
179 1752 112 51 club
249 1752 98 51 des
305 1752 183 51 Jacobins,
446 1752 197 51 archiviste
600 1752 84 51 et
643 1752 183 51 rédacteur
783 1752 84 51 du
825 1752 154 51 journal
937 1752 84 51 de
980 1752 126 51 cette
1050 1752 70 51 So-

136 1791 125 48 ciété.
224 1791 113 48 L.
299 1791 75 48 a.
337 1791 125 48 s.
424 1791 88 48 aux
475 1791 150 48 citoyens
587 1791 250 48 administrateurs;
800 1791 125 48 Paris,
888 1791 63 48 7
913 1791 150 48 prairial
1025 1791 75 48 an
1050 1791 63 48 VII

145 1829 49 46 3
165 1829 58 46 p.
194 1829 58 46 pl
223 1829 88 46 in-4.
281 1829 49 46 4
291 1829 39 46 50

168 1845 234 63 Très-curieuse
361 1845 151 63 lettre.
470 1845 82 63 Il
512 1845 110 63 leur
580 1845 110 63 fait
649 1845 151 63 hommage
759 1845 82 63 de
800 1845 96 63 son
855 1845 96 63 ode
910 1845 96 63 sur
951 1845 165 63 l’assassi-

144 1889 99 53 nat
200 1889 99 53 des
257 1889 296 53 plénipotentiaires
511 1889 169 53 français
638 1889 71 53 à
666 1889 169 53 Rastatt.
793 1889 85 53 Il
835 1889 113 53 leur
905 1889 141 53 expose
990 1889 127 53 ensuite

143 1924 95 45 ses
198 1924 135 45 sujets
292 1924 81 45 de
333 1924 163 45 plaintes
455 1924 68 45 à
482 1924 190 45 l’occasion
631 1924 108 45 d’un
699 1924 149 45 recueil
807 1924 81 45 de
848 1924 135 45 chants
929 1924 190 45 patriotiques

139 1967 165 44 intitulé:
266 1967 140 44 Code
368 1967 89 44 des
419 1967 127 44 vertus
508 1967 279 44 républicaines,
749 1967 102 44 dont
812 1967 76 44 il
850 1967 102 44 leur
914 1967 63 44 a
939 1967 127 44 envoyé
1028 1967 76 44 le
1054 1967 63 44 ma

130 2001 130 40 nuscrit.

150 2014 80 64 20456
203 2014 71 64 SACY
248 2014 124 64 (Sylvestre
345 2014 71 64 de),
389 2014 106 64 critique
469 2014 53 64 et
496 2014 133 64 journaliste
602 2014 124 64 distingué,
699 2014 89 64 membre
753 2014 35 64 de

131 2067 258 45 l’Académie
333 2067 129 45 fr.
407 2067 166 45 L.
517 2067 110 45 a.
572 2067 202 45 s.
719 2067 92 45 1
756 2067 110 45 p.
811 2067 166 45 in-8.
922 2067 92 45 1
958 2067 110 45 25

149 2097 101 49 20457
216 2097 156 49 SAINT-JEAN
339 2097 134 49 (Simon),
439 2097 123 49 célèbre
529 2097 123 49 peintre
618 2097 67 49 de
652 2097 123 49 fleurs,
741 2097 67 49 né
775 2097 56 49 à
797 2097 101 49 Lyon.
864 2097 101 49 L.
931 2097 67 49 a.
954 2097 89 49 s.

147 2134 65 51 à
173 2134 78 51 M.
212 2134 130 51 Petit;
302 2134 207 51 Eaux-Bonnes,
471 2134 117 51 1859,
549 2134 65 51 1
575 2134 78 51 p.
613 2134 91 51 3/4
665 2134 117 51 in-8.
743 2134 117 51 Jolie
821 2134 155 51 lettre.»
937 2134 65 51 2
950 2134 52 51 50
