1146 2185
472 29 90 45 —
508 29 90 45 5
526 29 54 45 —

113 63 116 69 20283
191 63 129 69 COCHON
281 63 77 69 DE
320 63 168 69 LAPPARENT
449 63 181 69 (Charles),
591 63 220 69 conventionnel
772 63 77 69 et
810 63 155 69 ministre
927 63 77 69 de
952 63 52 69 la

116 125 150 42 police.
225 125 123 42 L.
307 125 82 42 a.
348 125 150 42 s.
457 125 136 42 Paris,
553 125 82 42 28
593 125 123 42 sept.
675 125 123 42 1813,
757 125 68 42 1
784 125 82 42 p.
825 125 123 42 in-4.
907 125 68 42 2
920 125 55 42 50

124 153 112 48 20284
198 153 162 48 COFFINHAL
323 153 87 48 (J.
372 153 100 48 B.),
435 153 224 48 vice-président
621 153 75 48 du
659 153 149 48 Tribunal
771 153 249 48 révolutionnaire,
970 153 62 48 dé-

119 186 121 45 capité
204 186 109 45 après
276 186 73 45 le
313 186 61 45 9
337 186 169 45 thermidor.
470 186 109 45 Pièce
542 186 109 45 a.
615 186 133 45 s.
712 186 61 45 7
736 186 145 45 prairial
845 186 73 45 an
881 186 85 45 II,
930 186 61 45 2
954 186 73 45 p.
978 186 109 45 in

131 229 72 49 Rare
190 229 27 49 17
199 229 14 49 »

148 241 184 64 Questions
289 241 141 64 posées
388 241 99 64 aux
444 241 127 64 jurés
529 241 85 64 du
572 241 169 64 Tribunal
699 241 268 64 révolutionnaire
925 241 99 64 sur
981 241 99 64 des
1023 241 71 64 in-

113 301 153 35 dividus
224 301 153 35 accusés
335 301 125 35 d’une
419 301 222 35 conspiration
600 301 153 35 tendant
711 301 69 35 à
739 301 167 35 empêcher
864 301 83 35 le
905 301 167 35 paiement
1017 301 69 35 des

215 327 128 44 impôts
305 327 77 44 et
343 327 64 44 à
368 327 166 44 dissoudre
496 327 77 44 la
534 327 230 44 représentation
725 327 179 44 nationale,
866 327 77 44 et
904 327 64 44 à
929 327 77 44 un
968 327 115 44 autre
1031 327 64 44 qui

224 350 136 62 aurait
320 350 109 62 tenu
388 350 95 62 des
442 350 136 62 propos
537 350 150 62 tendant
646 350 68 62 à
673 350 177 62 proclamer
809 350 82 62 le
850 350 95 62 duc
905 350 136 62 d’York
1000 350 95 62 roi
1041 350 54 62 de

234 388 123 36 France.
323 388 56 36 —
345 388 67 36 Au
379 388 78 36 bas
424 388 78 36 est
468 388 67 36 la
502 388 167 36 déclaration
636 388 67 36 du
669 388 100 36 jury,
736 388 112 36 signée
814 388 78 36 par
848 388 212 36 Coffinhal

130 412 110 59 20285
203 412 110 59 CONDÉ
277 412 122 59 (Louis
362 412 73 59 II
399 412 73 59 de
436 412 147 59 BOURBON,
546 412 122 59 prince
631 412 98 59 de),
692 412 86 59 dit
741 412 110 59 le
815 412 122 59 Grand.
900 412 73 59 L.
937 412 135 59 s.
1023 412 73 59 ter-

123 457 128 43 minée
208 457 100 43 par
265 457 100 43 six
322 457 157 43 grandes
437 457 143 43 lignes
537 457 114 43 aut.
608 457 128 43 sig.,
693 457 71 43 à
722 457 86 43 M.
765 457 157 43 Chenat,
879 457 214 43 ambassadeur
1036 457 57 43 de

125 494 139 44 Suède;
222 494 139 44 Paris,
319 494 97 44 mai
375 494 125 44 1651,
458 494 69 44 1
485 494 83 44 p.
527 494 166 44 in-fol.,
652 494 152 44 cachets
762 494 83 44 et
804 494 139 44 soies.
901 494 125 44 Jolie
970 494 125 44 lettre.

1005 521 94 39 7
1024 521 75 39 50

132 552 117 53 20286
210 552 117 53 CONDÉ
288 552 91 53 (L.
340 552 104 53 Jos.
405 552 78 53 de
444 552 156 53 BOURBON,
561 552 130 53 prince
651 552 104 53 de),
716 552 78 53 le
755 552 104 53 chef
820 552 78 53 de
859 552 143 53 l’armée
963 552 91 53 qui
1002 552 91 53 porte

131 592 90 49 son
182 592 102 49 nom.
246 592 115 49 L.
323 592 77 49 a.
362 592 128 49 s.
451 592 77 49 au
490 592 90 49 cte
541 592 77 49 de
579 592 154 49 Melfort;
695 592 64 49 9
720 592 141 49 juillet
823 592 115 49 1762,
900 592 64 49 1
925 592 77 49 p.
964 592 90 49 1/2
1002 592 77 49 in

138 631 109 47 cachet.
217 631 89 47 Belle
277 631 109 47 lettre.
356 631 50 47 2
366 631 40 47 50

131 651 122 59 20287
213 651 203 59 CONSIDÉRANT
375 651 176 59 (Victor),
510 651 149 59 célèbre
619 651 203 59 économiste,
781 651 216 59 représentant
957 651 81 59 du
984 651 108 59 peuple

130 692 73 52 en
166 692 109 52 1848.
239 692 109 52 L.
312 692 73 52 a.
348 692 121 52 s.
433 692 73 52 au
469 692 133 52 docteur
566 692 170 52 Chapelain;
700 692 73 52 23
736 692 97 52 août
797 692 133 52 (1833),
894 692 61 52 2
918 692 73 52 p.
942 692 61 52 1/2

122 731 107 50 in-8.
193 731 201 50 Très-curieuse
359 731 118 50 lettre
442 731 166 50 politique.
572 731 59 50 3
584 731 47 50 50

131 759 118 50 20288
210 759 118 50 CONTI
289 759 92 50 (L.
341 759 92 50 Fr.
394 759 79 50 de
433 759 158 50 BOURBON,
551 759 131 50 prince
643 759 105 50 de),
709 759 118 50 connu
788 759 92 50 par
840 759 92 50 son
893 759 184 50 opposition
1024 759 66 50 aux

129 803 138 41 réformes
233 803 69 41 de
268 803 127 41 Turgot.
360 803 104 41 L.
429 803 69 41 a.
464 803 127 41 s.
556 803 104 41 Paris
626 803 104 41 1781,
695 803 81 41 3/4
741 803 69 41 de
775 803 69 41 p.
810 803 104 41 in-4.
879 803 58 41 2
891 803 46 41 25

131 828 124 54 20289
214 828 179 54 COQUEREAU
352 828 179 54 (l’abbé),
490 828 152 54 célèbre
600 828 221 54 prédicateur,
779 828 165 54 aumônier
903 828 83 54 en
944 828 110 54 chef
1013 828 83 54 de
1041 828 55 54 la

128 867 140 48 flotte.
230 867 115 48 L.
307 867 76 48 a.
345 867 127 48 s.
434 867 64 48 à
460 867 153 48 Mme....;
574 867 127 48 devant
664 867 153 48 Mogador,
778 867 76 48 14
817 867 102 48 août
880 867 115 48 1844,
957 867 64 48 4
982 867 76 48 p.
1008 867 89 48 in

1012 899 43 37 5
1021 899 26 37 »

164 914 185 70 Très-jolie
309 914 132 70 lettre
401 914 79 70 où
441 914 79 70 il
480 914 105 70 fait
546 914 79 70 le
586 914 119 70 récit
665 914 92 70 des
718 914 132 70 sièges
810 914 79 70 de
849 914 132 70 Tanger
942 914 79 70 et
981 914 79 70 de
1008 914 92 70 Moga-

133 966 115 54 lor,
205 966 87 54 où
248 966 87 54 le
291 966 144 54 prince
392 966 87 54 de
435 966 188 54 Joinville
580 966 72 54 a
609 966 101 54 été
666 966 202 54 admirable.
825 966 101 54 «Je
883 966 115 54 n’ai
955 966 130 54 point
1027 966 72 54 été

133 1003 152 53 blessé,
244 1003 152 53 quoique
354 1003 124 53 j’aie
437 1003 152 53 entendu
548 1003 97 53 sur
603 1003 83 53 la
644 1003 152 53 dunette
755 1003 97 53 les
810 1003 180 53 premières
948 1003 138 53 volées
1031 1003 69 53 des

129 1041 171 40 batteries
260 1041 79 40 de
300 1041 171 40 l’ennemi.
431 1041 79 40 Je
470 1041 144 40 voulais
575 1041 131 40 savoir
667 1041 105 40 quel
733 1041 118 40 effet
812 1041 105 40 cela
864 1041 171 40 faisait...»

132 1068 113 54 20290
208 1068 125 54 COUSIN
295 1068 163 54 (Victor),
421 1068 138 54 célèbre
521 1068 175 54 philosophe
659 1068 75 54 et
696 1068 163 54 écrivain,
821 1068 125 54 membre
909 1068 75 54 de
947 1068 138 54 l’Acad.
1034 1068 63 54 fr.

137 1115 75 46 L.
186 1115 50 46 a.
211 1115 91 46 s.
278 1115 41 46 1
294 1115 50 46 p.
319 1115 75 46 in-8.
369 1115 41 46 2
377 1115 25 46 »

135 1132 104 61 20291
205 1132 116 61 CUVIER
286 1132 151 61 (George),
402 1132 70 61 le
437 1132 104 61 grand
507 1132 186 61 naturaliste,
658 1132 116 61 membre
739 1132 70 61 de
774 1132 128 61 l’Acad.
867 1132 81 61 fr.
913 1132 104 61 L.
983 1132 70 61 a.
1006 1132 93 61 s

132 1175 73 52 à
162 1175 88 52 un
206 1175 88 52 de
250 1175 103 52 ses
308 1175 205 52 collègues;
469 1175 322 52 Jardin-des-Plantes
747 1175 88 52 de
791 1175 146 52 Paris,
894 1175 73 52 5
909 1175 190 52 vendémiaire

128 1215 72 41 an
164 1215 84 41 VI,
212 1215 60 41 1
236 1215 72 41 p.
273 1215 84 41 pl.
321 1215 108 41 in-4.
393 1215 108 41 Jolie
465 1215 133 41 lettre.
562 1215 60 41 3
574 1215 36 41 »

134 1238 116 58 20292
212 1238 168 58 DAUBENTON
341 1238 90 58 (J.
392 1238 78 58 L.
431 1238 142 58 Marie),
535 1238 155 58 illustre
651 1238 207 58 naturaliste,
819 1238 129 58 membre
909 1238 78 58 de
935 1238 168 58 l’Institut.

143 1286 99 43 L.
209 1286 66 43 a.
242 1286 121 43 s.
329 1286 143 43 Montbard,
439 1286 77 43 1er
483 1286 110 43 juill.
560 1286 99 43 1761,
626 1286 55 43 1
647 1286 66 43 p.
680 1286 99 43 in-4.
746 1286 55 43 3
757 1286 33 43 »

137 1297 107 64 20293
208 1297 154 64 DAUBERVAL
327 1297 107 64 (Jean
398 1297 142 64 BESCHER,
505 1297 107 64 dit),
576 1297 131 64 célèbre
671 1297 131 64 danseur
766 1297 71 64 de
802 1297 142 64 l’Opéra.
908 1297 107 64 L.
979 1297 71 64 a.
1003 1297 107 64 s.

136 1345 118 52 sig.
210 1345 133 52 aussi
299 1345 103 52 par
358 1345 89 52 sa
402 1345 148 52 femme,
505 1345 103 52 aux
564 1345 280 52 administrateurs
800 1345 89 52 du
844 1345 221 52 département
1021 1345 89 52 de
1051 1345 59 52 la

137 1380 161 49 Gironde;
258 1380 175 49 Bordeaux,
392 1380 81 49 15
432 1380 175 49 septembre
567 1380 121 49 1796,
648 1380 94 49 3/4
701 1380 81 49 de
742 1380 81 49 p.
782 1380 148 49 in-fol.
890 1380 67 49 3
903 1380 54 49 50

172 1410 102 54 Ils
231 1410 189 54 demandent
376 1410 87 54 un
419 1410 189 54 passeport
564 1410 116 54 pour
637 1410 189 54 Hambourg,
782 1410 131 54 ayant
869 1410 116 54 fini
942 1410 87 54 le
985 1410 131 54 temps
1058 1410 58 54 de

130 1453 87 48 de
174 1453 116 48 leur
247 1453 160 48 service
363 1453 73 48 à
378 1453 160 48 Bordeaux.

141 1480 108 50 20294
213 1480 132 50 DAWISON
309 1480 168 50 (Bogumil),
442 1480 132 50 célèbre
538 1480 120 50 acteur
622 1480 156 50 allemand.
742 1480 108 50 L.
814 1480 72 50 a.
850 1480 132 50 s.
947 1480 72 50 en
971 1480 132 50 allemand;

138 1522 134 41 Dresde,
235 1522 110 41 1859,
309 1522 61 41 3
333 1522 73 41 p.
370 1522 85 41 1/2
419 1522 110 41 in-8.
492 1522 61 41 1
504 1522 49 41 50

137 1540 105 68 20295
207 1540 117 68 DECRÈS
289 1540 82 68 (le
336 1540 82 68 duc
382 1540 128 68 Denis),
475 1540 175 68 vice-amiral
615 1540 70 68 et
650 1540 140 68 ministre
755 1540 70 68 de
790 1540 70 68 la
825 1540 128 68 marine.
918 1540 105 68 L.
988 1540 70 68 a.
1012 1540 93 68 s.

463 1590 58 44 au
492 1590 126 44 ministre;
589 1590 116 44 Lorient,
677 1590 58 44 29
706 1590 126 44 germinal,
803 1590 48 44 2
822 1590 58 44 p.
851 1590 68 44 pl.
890 1590 116 44 in-fol.,
977 1590 78 44 tête
1026 1590 87 44 impr.
1074 1590 39 44 et

151 1630 51 53 vig.
182 1630 32 53 3
189 1630 25 53 50

174 1649 161 63 Curieuse
294 1649 134 63 épître
388 1649 120 63 toute
468 1649 161 63 relative
588 1649 94 63 aux
642 1649 120 63 frais
722 1649 94 63 que
776 1649 94 63 lui
829 1649 187 63 occasionne
976 1649 94 63 son
1016 1649 94 63 poste

135 1694 83 53 de
177 1694 139 53 préfet
274 1694 167 53 maritime
399 1694 83 53 de
441 1694 153 53 Lorient
552 1694 83 53 et
593 1694 97 53 qui
649 1694 153 53 rendent
760 1694 222 53 insuffisants
940 1694 97 53 ses
982 1694 125 53 appoin-

138 1736 160 45 tements
255 1736 87 45 de
299 1736 146 45 15,000
386 1736 73 45 fr.

454 1757 60 72 20296
494 1757 73 72 DÉJAZET
548 1757 100 72 (Virginie),
628 1757 87 72 charmante
694 1757 80 72 actrice.
754 1757 60 72 L.
794 1757 40 72 a.
814 1757 67 72 s.
861 1757 33 72 à
874 1757 60 72 Odry,
914 1757 33 72 2
927 1757 40 72 p.
941 1757 33 72 1/2

152 1806 98 45 in-12.
221 1806 89 45 Jolie
280 1806 108 45 lettre.
359 1806 49 45 2
369 1806 39 45 25

472 1826 80 70 20297
525 1826 115 70 DELACROIX
614 1826 115 70 (Eugène),
703 1826 98 70 célèbre
774 1826 98 70 peintre
845 1826 133 70 d’histoire,
951 1826 89 70 membre
1014 1826 53 70 de
1031 1826 89 70 l’Insti-

153 1862 70 62 aut.
197 1862 79 62 L.
250 1862 53 62 a.
277 1862 97 62 s.
347 1862 44 62 1
365 1862 53 62 p.
391 1862 79 62 in-8.
444 1862 44 62 1
453 1862 35 62 50

527 1884 76 64 20298
577 1884 101 64 DELAMBRE
652 1884 59 64 (J.
686 1884 50 64 B.
711 1884 84 64 Jos.),
770 1884 92 64 célèbre
837 1884 117 64 astronome,
929 1884 84 64 membre
988 1884 50 64 de
1005 1884 109 64 l’Institut.

534 1933 67 47 L.
578 1933 45 47 a.
601 1933 75 47 s.
653 1933 37 47 à
668 1933 45 47 M.
691 1933 45 47 Le
713 1933 105 47 Chevalier,
795 1933 37 47 1
810 1933 45 47 p.
833 1933 67 47 in-4,
878 1933 60 47 avec
915 1933 45 47 en
937 1933 60 47 tête
975 1933 45 47 de
997 1933 112 47 l’Institut.
1080 1933 37 47 Cu-

147 1978 108 44 rieuse
223 1978 108 44 lettre
299 1978 184 44 scientifique.
450 1978 54 44 2
461 1978 43 44 75

454 1995 82 55 20299
508 1995 109 55 DELANGLE
590 1995 73 55 (Cl.
635 1995 100 55 Alph.),
708 1995 190 55 procureur-général
871 1995 73 55 près
916 1995 54 55 la
944 1995 73 55 Cour
989 1995 54 55 de
1007 1995 109 55 cassation,

454 2031 62 64 membre
497 2031 37 64 de
516 2031 93 64 l’Institut.
590 2031 56 64 L.
627 2031 37 64 a.
646 2031 68 64 s.
696 2031 56 64 1851,
733 2031 31 64 1
745 2031 37 64 p.
764 2031 56 64 in-8.
801 2031 31 64 2
807 2031 19 64 »

451 2054 82 70 20300
505 2054 118 70 DELAROCHE
596 2054 100 70 (Paul),
669 2054 100 70 llustre
742 2054 100 70 peintre
814 2054 127 70 d’histoire
914 2054 91 70 membre
978 2054 55 70 de
996 2054 118 70 l’Institut.

142 2118 82 52 L.
197 2118 55 52 a.
224 2118 101 52 s.
297 2118 64 52 1/2
334 2118 55 52 p.
361 2118 82 52 in-8.
416 2118 46 52 2
426 2118 27 52 »
