1142 2212
550 22 34 54 —
564 22 34 54 4
571 22 20 54 —

24 79 137 56 20269
115 79 198 56 BUTTAFOCO
267 79 213 56 (Mathieu),
435 79 168 56 général
557 79 152 56 corse,
663 79 259 56 correspondant
877 79 91 56 de
922 79 91 56 J.
968 79 91 56 J.
998 79 107 56 Rous-

124 124 123 39 seau,
207 124 82 39 et
248 124 137 39 auquel
343 124 192 39 Bonaparte,
494 124 110 39 dans
563 124 82 39 un
604 124 178 39 pamphlet,
741 124 123 39 donne
823 124 82 39 le
864 124 96 39 nom
905 124 192 39 d’in

133 155 145 45 âme.
238 155 79 45 L.
278 155 79 45 a.
317 155 132 45 s.
409 155 66 45 à
436 155 79 45 M.
475 155 132 45 Prost;
567 155 92 45 île
620 155 171 45 d’Oléron,
752 155 79 45 16
791 155 92 45 mai
844 155 145 45 (1712),
949 155 66 45 1
976 155 79 45 p.
1002 155 92 45 in

130 190 85 46 cachet.
192 190 124 46 Rare
292 190 39 46 5
300 190 31 46 50

132 230 123 37 20270
214 230 151 37 CABANIS
324 230 96 37 (P.
379 230 82 37 J.
420 230 164 37 George),
543 230 151 37 célèbre
653 230 151 37 médecin
763 230 82 37 et
804 230 206 37 philosophe,
968 230 137 37 membre
1050 230 55 37 de

128 256 142 46 l’Acad.
231 256 90 46 fr.
283 256 116 46 L.
360 256 77 46 a.
398 256 129 46 s.
488 256 77 46 au
527 256 103 46 cit.
591 256 180 46 Lemonnier,
733 256 154 46 peintre,
849 256 77 46 17
887 256 154 46 pluviôse
1003 256 77 46 an
1029 256 77 46 VII,

129 297 56 46 1
151 297 67 46 p.
184 297 89 46 pet.
240 297 100 46 in-4.
307 297 100 46 Jolie
374 297 122 46 lettre.
463 297 56 46 3
474 297 33 46 »

121 306 137 66 20271
212 306 213 66 CAMPISTRON
379 306 137 66 (Jean
470 306 167 66 GALBERT
592 306 106 66 de)
653 306 213 66 secrétaire
820 306 91 66 du
866 306 106 66 duc
927 306 91 66 de
957 306 152 66 Vendôme,

140 364 104 39 oëte
205 364 78 39 et
244 364 131 39 auteur
336 364 196 39 dramatique,
492 364 131 39 membre
584 364 78 39 de
623 364 144 39 l’Acad.
727 364 91 39 fr.
780 364 117 39 L.
858 364 157 39 a.,
975 364 131 39 écrite
1054 364 52 39 au

125 394 95 50 nom
180 394 82 50 du
221 394 95 50 duc
275 394 82 50 de
316 394 150 50 Vendôme
425 394 82 50 et
466 394 109 50 sig.
535 394 82 50 de
576 394 177 50 celui-ci;
712 394 123 50 1702,
794 394 68 50 2
821 394 82 50 p.
862 394 95 50 pl.
917 394 123 50 in-4.
998 394 68 50 9
1012 394 41 50 »

134 437 112 42 20272
208 437 149 42 CARTEAUX
320 437 87 42 (J.
370 437 99 42 F.),
432 437 149 42 peintre,
544 437 99 42 puis
606 437 137 42 général
705 437 75 42 en
743 437 112 42 chef.
817 437 112 42 L.
892 437 75 42 a.
929 437 137 42 s.
1016 437 87 42 comme

137 472 189 37 peintre
285 472 81 37 du
325 472 148 37 roy
433 472 175 37 Varsovie,
568 472 81 37 27
608 472 108 37 mars
676 472 121 37 1787,
757 472 67 37 1
784 472 81 37 p.
824 472 94 37 1/2
878 472 121 37 in-4.
959 472 135 37 Lettre
1040 472 67 37 cu-

127 504 114 40 rieuse
206 504 57 40 à
229 504 102 40 cause
297 504 68 40 de
331 504 79 40 son
376 504 170 40 orthographe
513 504 136 40 bizarre.
615 504 182 40 Rare
762 504 68 40 10
785 504 34 40 »

135 536 121 45 20273
215 536 162 45 CASTRIES
337 536 175 45 (Charles,
471 536 94 45 duc
525 536 108 45 de),
593 536 216 45 constituant,
768 536 94 45 qui
822 536 94 45 eut
876 536 108 45 avec
943 536 148 45 Charles
1038 536 67 45 La-

139 573 99 37 neth
201 573 74 37 un
238 573 99 37 duel
300 573 137 37 fameux,
399 573 62 37 à
424 573 74 37 la
461 573 112 37 suite
536 573 124 37 duquel
623 573 87 37 son
672 573 112 37 hôtel
747 573 87 37 fut
797 573 149 37 dévasté.
908 573 112 37 L.
983 573 74 37 a.
1008 573 99 37 s.

124 605 73 43 à
154 605 205 43 Lapérouse;
315 605 88 43 au
359 605 117 43 camp
432 605 278 43 Sous-Providence
666 605 88 43 13
710 605 117 43 juin
783 605 132 43 1781,
871 605 73 43 4
900 605 88 43 p.
944 605 132 43 in-4.
1032 605 73 43 4
1046 605 59 43 50

165 634 193 53 Très-belle
317 634 138 53 lettre
414 634 83 53 où
455 634 83 53 il
497 634 97 53 lui
552 634 124 53 parle
635 634 83 53 de
676 634 207 53 Rochambeau,
842 634 97 53 qui
897 634 97 53 lui
952 634 110 53 veut
1007 634 97 53 beau-

133 672 115 45 coup
204 672 86 45 de
248 672 115 45 mal.
319 672 187 45 «J’espère
463 672 129 45 qu’il
549 672 86 45 ne
592 672 115 45 vous
664 672 86 45 en
707 672 172 45 arrivera
836 672 158 45 jamais,
951 672 86 45 et
994 672 101 45 que
1037 672 72 45 mon

127 708 119 53 père
201 708 89 53 ou
246 708 104 53 moi
305 708 119 53 nous
379 708 163 53 saurons
498 708 178 53 prévenir
631 708 104 53 les
691 708 148 53 effets
795 708 89 53 de
839 708 89 53 sa
884 708 133 53 haine
973 708 89 53 et
1017 708 89 53 de
1047 708 59 53 sa

131 737 150 44 jalouse
227 737 246 44 personnalité...»

129 757 125 62 20274
212 757 125 62 CATEL
295 757 180 62 (Ch.-L.),
434 757 152 62 célèbre
544 757 208 62 compositeur
711 757 83 62 de
752 757 166 62 musique,
877 757 138 62 membre
974 757 83 62 de
1001 757 111 62 l’Ins-

137 812 100 52 itut.
204 812 100 52 L.
271 812 67 52 a.
304 812 123 52 s.
393 812 67 52 18
427 812 89 52 juin
482 812 100 52 1818,
549 812 56 52 1
572 812 67 52 p.
605 812 78 52 1/2
650 812 100 52 in-8.
716 812 156 52 Très-jolie
839 812 123 52 lettre.
928 812 56 52 4
939 812 45 52 50

133 849 112 48 20275
207 849 162 48 CATHERINE
332 849 75 48 DE
370 849 150 48 MÉDICIS,
482 849 112 48 reine
557 849 75 48 et
594 849 137 48 régente
694 849 75 48 de
732 849 137 48 France.
831 849 112 48 L.
906 849 137 48 s.
1006 849 100 48 avec
1056 849 50 48 la

131 888 185 37 souscript.
276 888 119 37 aut.,
356 888 66 37 à
382 888 93 37 son
435 888 106 37 fils
501 888 132 37 (Henri
593 888 106 37 III,
660 888 119 37 alors
739 888 66 37 à
765 888 185 37 Chartres);
911 888 119 37 Paris
990 888 93 37 1er
1030 888 79 37 juin

130 917 102 44 1588
194 917 128 44 iun
284 917 102 44 soir
348 917 77 44 en
386 917 77 44 me
424 917 230 44 couchant)
616 917 64 44 3
642 917 77 44 p.
680 917 90 44 pl.
731 917 141 44 in-fol.
833 917 166 44 Déchirure
961 917 128 44 légère
1038 917 64 44 par

135 953 66 44 la
168 953 121 44 rupture
256 953 66 44 du
289 953 121 44 cachet.
377 953 66 44 60
399 953 33 44 »

161 967 123 64 Pièce
243 967 191 64 historique
393 967 109 64 fort
462 967 191 64 importante
612 967 123 64 toute
694 967 164 64 relative
816 967 96 64 aux
871 967 191 64 événements
1007 967 96 64 arri-

135 1019 103 41 vés
194 1019 73 41 à
223 1019 132 41 Paris
311 1019 147 41 depuis
414 1019 88 41 la
458 1019 161 41 journée
575 1019 103 41 des
634 1019 220 41 barricades.
810 1019 73 41 —
839 1019 88 41 La
883 1019 205 41 reine-mère
1030 1019 73 41 ra-

142 1054 112 43 onte
212 1054 98 43 son
268 1054 169 43 entrevue
395 1054 112 43 avec
465 1054 84 43 le
507 1054 183 43 président
648 1054 84 43 de
690 1054 154 43 Neuilly
802 1054 84 43 et
844 1054 84 43 le
886 1054 154 43 général
985 1054 126 43 Rollant

146 1089 156 39 membres
259 1089 85 39 de
302 1089 85 39 la
345 1089 156 39 faction
458 1089 99 39 des
515 1089 156 39 Seize),
629 1089 114 39 dans
700 1089 85 39 le
743 1089 171 39 conseil,
870 1089 85 39 où
913 1089 114 39 elle
984 1089 71 39 a
998 1089 114 39 essayé

132 1121 83 40 de
174 1121 111 40 leur
243 1121 125 40 faire
327 1121 195 40 comprendre
480 1121 97 40 que
536 1121 97 40 les
591 1121 181 40 élections
730 1121 97 40 des
786 1121 139 40 prévôt
883 1121 83 40 et
925 1121 181 40 eschevins
1050 1121 56 40 de

138 1155 140 31 Paris,
236 1155 140 31 faites
334 1155 112 31 sans
405 1155 239 31 l’assentiment
601 1155 84 31 du
643 1155 112 31 roi,
713 1155 154 31 étaient
825 1155 154 31 nulles.
938 1155 70 31 —
966 1155 126 31 Longs
1036 1155 70 31 dé-

138 1184 133 56 tails.
231 1184 66 56 —
257 1184 106 56 Dans
323 1184 80 56 un
363 1184 318 56 post-scriptum
642 1184 106 56 elle
708 1184 146 56 raconte
814 1184 93 56 une
867 1184 212 56 conversation
1026 1184 80 56 fort

136 1217 166 43 curieuse
260 1217 152 43 qu’elle
371 1217 69 43 a
398 1217 97 43 eue
454 1217 110 43 avec
522 1217 83 43 le
564 1217 97 43 duc
619 1217 83 43 de
647 1217 110 43 Guise.

138 1253 109 45 20276
211 1253 158 45 CAVAIGNAC
332 1253 182 45 (Godefroy),
478 1253 134 45 célèbre
575 1253 170 45 publiciste
708 1253 243 45 révolutionnaire.
915 1253 109 45 L.
988 1253 73 45 a.
1012 1253 97 45 s.

139 1287 71 43 1/2
180 1287 61 43 p.
210 1287 92 43 in-8.
271 1287 51 43 3
281 1287 31 43 »

133 1322 125 43 20277
217 1322 181 43 CHAMPFORT
356 1322 376 43 (Sébastien-Roch.-Nic.),
690 1322 153 43 célèbre
801 1322 125 43 poëte
884 1322 83 43 et
912 1322 195 43 littérateur,

141 1358 132 35 nembre
233 1358 79 35 de
273 1358 145 35 l’Acad.
379 1358 93 35 fr.
432 1358 119 35 L.
511 1358 132 35 a.
604 1358 66 35 à
630 1358 79 35 la
670 1358 106 35 mise
736 1358 79 35 de
775 1358 145 35 Créquy;
881 1358 159 35 Barèges,
1000 1358 79 35 22
1027 1358 79 35 août

135 1387 118 51 (1774),
221 1387 53 51 2
242 1387 64 51 p.
274 1387 96 51 in-4.
339 1387 64 51 12
360 1387 32 51 »

171 1420 170 54 Éurieuse
298 1420 142 54 épître
398 1420 113 54 dans
468 1420 170 54 laquelle
596 1420 85 54 il
638 1420 156 54 annonce
752 1420 128 54 pu’il
837 1420 71 54 a
865 1420 170 54 remporté
993 1420 85 54 le
1021 1420 85 54 prix

131 1463 104 37 pour
196 1463 182 37 l'Eloge
339 1463 78 37 de
378 1463 78 37 La
417 1463 221 37 Fontaine
599 1463 78 37 et
637 1463 169 37 maltraite
767 1463 104 37 fort
832 1463 156 37 Laharpe,
949 1463 91 37 son
988 1463 117 37 concur-

131 1490 121 39 rent,
211 1490 94 39 qui
265 1490 67 39 a
292 1490 107 39 tout
359 1490 94 39 mis
413 1490 81 39 en
453 1490 121 39 l’air
533 1490 121 39 comme
614 1490 107 39 s’il
681 1490 188 39 s’agissait
829 1490 121 39 d’une
910 1490 121 39 place
990 1490 67 39 à
1004 1490 107 39 l’Aca-

132 1525 147 52 démie.
235 1525 103 52 «Il
294 1525 74 52 a
324 1525 118 52 même
398 1525 133 52 écrit
486 1525 103 52 une
545 1525 147 52 lettre
648 1525 147 52 signée
751 1525 88 52 de
795 1525 103 52 lui
854 1525 118 52 pour
913 1525 192 52 recommander

129 1546 103 55 son
188 1546 163 55 ouvrage
307 1546 133 55 comme
395 1546 133 55 celui
484 1546 118 55 d’un
558 1546 89 55 de
602 1546 103 55 ses
646 1546 148 55 amis...»

135 1597 120 53 20278
214 1597 146 53 CHARLET
321 1597 93 53 (N.
374 1597 199 53 Toussaint),
533 1597 146 53 peintre
640 1597 146 53 célèbre
746 1597 93 53 par
799 1597 93 53 ses
852 1597 146 53 croquis
946 1597 160 53 militaires

138 1617 52 68 de
164 1617 52 68 la
190 1617 121 68 Révolution
286 1617 52 68 et
312 1617 52 68 de
338 1617 113 68 l’Empire.
424 1617 78 68 L.
476 1617 52 68 a.
502 1617 87 68 s.
563 1617 43 68 à
580 1617 52 68 M.
606 1617 121 68 Letellier;
702 1617 78 68 1845.
754 1617 43 68 1
762 1617 35 68 p.

138 1664 63 51 in-8.
180 1664 35 51 3
187 1664 28 51 50

162 1682 80 69 Jolie
215 1682 88 69 lettre
277 1682 53 69 où
304 1682 53 69 il
330 1682 80 69 parle
383 1682 53 69 de
410 1682 53 69 sa
436 1682 133 69 publication
543 1682 53 69 de
569 1682 150 69 l'Empereur
693 1682 53 69 et
720 1682 53 69 de
737 1682 71 69 la

138 1728 145 56 garde
247 1728 205 56 impériale
415 1728 84 56 qui
464 1728 145 56 l’occupe
560 1728 133 56 beaucoup.

147 1756 80 60 20279
200 1756 98 60 CHASSET
271 1756 71 60 (Ch.
316 1756 89 60 Ant.),
378 1756 89 60 député
440 1756 53 60 de
467 1756 160 60 Saône-et-Loire
600 1756 44 60 à
618 1756 53 60 la
644 1756 133 60 Convention,
742 1756 53 60 puis

147 1810 65 40 aux
184 1810 139 40 Cinq-Cents.
295 1810 84 40 L.
351 1810 56 40 a.
379 1810 102 40 s.
453 1810 93 40 Paris,
518 1810 46 40 2
537 1810 84 40 janv.
593 1810 84 40 1809.
648 1810 46 40 2
667 1810 56 40 p.
695 1810 84 40 in-4.
751 1810 46 40 4
760 1810 37 40 50

131 1833 118 55 20280
210 1833 224 55 CHATEAUBRIAND
394 1833 92 55 (le
447 1833 92 55 vte
499 1833 105 55 de),
565 1833 158 55 illustre
684 1833 171 55 écrivain,
815 1833 132 55 membre
908 1833 79 55 de
947 1833 145 55 l’Acad.
1039 1833 66 55 fr.

132 1884 101 47 L.
199 1884 67 47 a.
233 1884 123 47 s.
322 1884 112 47 Paris,
401 1884 67 47 19
435 1884 90 47 fév.
491 1884 101 47 1830,
558 1884 56 47 2
580 1884 67 47 p.
614 1884 79 47 1/2
659 1884 101 47 in-8.
726 1884 56 47 6
737 1884 34 47 »

161 1909 121 54 Belle
241 1909 135 54 lettre
336 1909 189 54 politique.
484 1909 94 54 «Je
538 1909 108 54 suis
605 1909 148 54 désolé,
713 1909 148 54 dit-il,
821 1909 81 54 de
861 1909 135 54 toutes
956 1909 94 54 les
996 1909 108 54 fautes

130 1952 101 43 que
187 1952 115 43 l’on
259 1952 144 43 commet
359 1952 72 43 à
388 1952 201 43 l’approche
546 1952 129 43 d’une
632 1952 144 43 action
719 1952 172 43 décisive.»

136 1972 132 72 20281
224 1972 308 72 CHAUVEAU-LAGARDE,
488 1972 161 72 célèbre
606 1972 161 72 avocat,
723 1972 191 72 défenseur
869 1972 88 72 de
899 1972 205 72 Marie-

130 2020 145 49 nette.
232 2020 131 49 L.
319 2020 87 49 a.
363 2020 145 49 s.
465 2020 73 49 à
494 2020 87 49 M.
537 2020 145 49 Targe,
639 2020 73 49 1
668 2020 87 49 p.
712 2020 102 49 1/2
770 2020 131 49 in-8.
857 2020 73 49 2
871 2020 44 49 »

473 2062 85 46 20282
529 2062 198 46 CLERMONT-TONNERRE
698 2062 75 46 (Sas
745 2062 75 46 de),
793 2062 122 46 président
887 2062 56 46 de
915 2062 141 46 l’Assemblée
1018 2062 85 46 consti-

134 2097 142 42 tuante,
238 2097 155 42 massacré
354 2097 78 42 le
393 2097 78 42 10
432 2097 104 42 août
497 2097 117 42 1792.
574 2097 117 42 L.
652 2097 78 42 a.
691 2097 142 42 s.
794 2097 129 42 Paris,
885 2097 65 42 3
911 2097 91 42 mai
963 2097 117 42 1780,
1040 2097 65 42 1
1053 2097 52 42 p.

132 2130 64 44 3/4
168 2130 82 44 in-8.
223 2130 46 44 3
233 2130 27 44 »
