1912 2915
979 314 88 56 —
1015 314 106 56 10
1050 314 53 56 —

574 365 234 58 profondément,
767 365 83 58 et
808 365 83 58 ce
849 365 124 58 doute
932 365 96 58 l’a
987 365 151 58 remplie
1097 365 248 58 d’angoisse...»
1303 365 83 58 Il
1345 365 151 58 termine
1441 365 110 58 ainsi:

577 413 69 37 «
605 413 83 37 Le
646 413 138 37 peuple
742 413 96 37 qui
798 413 207 37 languissait
963 413 110 37 dans
1032 413 96 37 les
1087 413 165 37 ténèbres
1211 413 69 37 a
1238 413 83 37 vu
1279 413 96 37 une
1334 413 138 37 grande
1417 413 124 37 lumière

571 448 84 44 et
613 448 84 44 la
655 448 153 44 lumière
766 448 125 44 s’est
850 448 125 44 levée
933 448 98 44 sur
989 448 111 44 ceux
1059 448 98 44 qui
1114 448 153 44 étaient
1226 448 125 44 assis
1309 448 111 44 dans
1379 448 84 44 la
1421 448 139 44 région
1504 448 56 44 de

569 482 164 36 l’ombre
688 482 89 36 de
733 482 89 36 la
763 482 119 36 mort.»

570 514 121 44 21572
650 514 134 44 LEBEAU
744 514 188 44 (Charles),
892 514 202 44 l’historien
1054 514 81 44 du
1094 514 202 44 Bas-Empire,
1255 514 134 44 membre
1349 514 81 44 de
1390 514 148 44 l’Acad.
1484 514 67 44 des

572 554 164 39 inscript.
698 554 113 39 L.
774 554 76 39 a.
812 554 138 39 s.
912 554 76 39 en
950 554 126 39 latin,
1038 554 63 39 à
1063 554 239 39 Vincent-Camille
1265 554 151 39 Alberti;
1378 554 126 39 Paris,
1466 554 76 39 18
1491 554 63 39 mai

573 586 109 40 1768,
646 586 61 40 2
670 586 73 40 p.
706 586 109 40 in-4.
779 586 109 40 Belle
852 586 73 40 et
888 586 194 40 intéressante
1046 586 133 40 lettre.
1143 586 61 40 5
1155 586 36 40 »

576 617 119 49 21573
655 617 145 49 LÉOPOLD
761 617 93 49 Ier
814 617 93 49 roi
867 617 93 49 des
919 617 145 49 Belges.
1025 617 132 49 Décret
1118 617 119 49 sig.;
1197 617 159 49 Malines,
1316 617 66 49 6
1342 617 106 49 août
1409 617 119 49 1831,
1488 617 66 49 1
1501 617 53 49 p.

564 648 101 53 in-fol.
637 648 46 53 5
646 648 28 53 »

603 679 231 63 Organisation
791 679 87 63 du
834 679 289 63 quartier-général
1065 679 116 63 royal.

579 718 119 53 21574
658 718 145 53 LANDAIS
763 718 198 53 (Napoléon),
921 718 211 53 lexicographe
1093 718 184 53 distingué.
1238 718 132 53 Lettre
1330 718 158 53 imprimée
1435 718 119 53 signée,

567 767 102 39 avec
631 767 76 39 17
669 767 127 39 lignes
758 767 153 39 autogr.;
873 767 140 39 (1848),
974 767 64 39 3
1000 767 76 39 p.
1038 767 115 39 in-4.
1114 767 64 39 3
1127 767 51 39 50

603 800 142 44 Demande
707 800 78 44 de
745 800 220 44 souscriptions
927 800 104 44 pour
991 800 91 44 son
1043 800 246 44 Dictionnaire
1250 800 78 44 de
1289 800 194 44 morale
1432 800 117 44 Curieux

567 825 157 49 détails
681 825 100 49 sur
738 825 86 49 sa
781 825 214 49 malheureuse
953 825 186 49 position,
1096 825 100 49 qui
1153 825 86 49 le
1196 825 129 49 force
1281 825 71 49 à
1310 825 172 49 accepter
1439 825 86 49 la
1467 825 86 49 plus

579 875 129 42 etite
664 875 186 42 offrande,
807 875 172 42 fût-elle
936 875 114 42 même
1008 875 86 42 de
1051 875 71 42 5
1079 875 100 42 fr.
1136 875 86 42 La
1179 875 129 42 liste
1265 875 172 42 imprimée
1394 875 86 42 de
1437 875 100 42 ses
1480 875 71 42 ou-

575 909 138 39 vrages
672 909 152 39 remplit
782 909 83 39 la
823 909 179 39 troisième
947 909 97 39 page.

575 935 95 46 21575
639 935 137 46 LAPÉROUSE
744 935 74 46 (J.
786 935 63 46 F.
818 935 105 46 GALAUP
891 935 84 46 de),
944 935 147 46 l’illustre
1060 935 63 46 et
1091 935 137 46 infortuné
1197 935 158 46 navigateur.
1323 935 95 46 P.
1376 935 84 46 s;

569 975 128 39 Brest,
659 975 77 39 18
697 975 115 39 févr.
774 975 115 39 1778,
851 975 64 39 1
877 975 77 39 p.
915 975 103 39 in-4
979 975 141 39 oblong.
1082 975 64 39 4
1095 975 38 39 »

570 1011 96 38 21576
634 1011 117 38 LAPLACE
720 1011 75 38 (le
762 1011 75 38 mis
805 1011 85 38 de),
858 1011 128 38 illustre
954 1011 139 38 géomètre,
1060 1011 107 38 membre
1135 1011 64 38 de
1167 1011 117 38 l’Acad.
1252 1011 75 38 fr.
1295 1011 96 38 L.
1359 1011 64 38 a.
1380 1011 96 38 s.

571 1047 123 47 Paris,
657 1047 74 47 18
694 1047 136 47 floréal
793 1047 74 47 an
830 1047 111 47 VIII,
904 1047 86 47 1/2
953 1047 74 47 p.
990 1047 111 47 in-4.
1064 1047 111 47 Jolie
1138 1047 123 47 pièce.
1225 1047 62 47 6
1237 1047 37 47 »

573 1083 110 45 21577
646 1083 122 45 LARREY
731 1083 85 45 (le
780 1083 110 45 baron
854 1083 73 45 D.
890 1083 98 45 J.),
951 1083 134 45 célèbre
1049 1083 171 45 chirurgien
1183 1083 73 45 en
1220 1083 98 45 chef
1281 1083 73 45 de
1317 1083 134 45 l’armée
1403 1083 73 45 d’É-

565 1120 116 42 gypte.
647 1120 105 42 L.
717 1120 70 42 a.
751 1120 128 42 s.
844 1120 163 42 Codroippo,
972 1120 70 42 13
1007 1120 174 42 vendémiaire
1147 1120 70 42 an
1182 1120 81 42 VI,
1228 1120 58 42 3
1251 1120 70 42 p.
1286 1120 81 42 pl.
1333 1120 105 42 in-4.
1402 1120 58 42 5
1414 1120 35 42 »

606 1151 240 45 Très-curieuse
804 1151 141 45 épître
903 1151 269 45 confidentielle,
1129 1151 85 45 où
1171 1151 85 45 il
1214 1151 156 45 demande
1327 1151 71 45 à
1355 1151 113 45 être
1412 1151 141 45 conservé

575 1186 112 43 dans
645 1186 84 43 sa
687 1186 127 43 place
772 1186 84 43 de
814 1186 197 43 chirurgien
969 1186 84 43 en
1011 1186 112 43 chef
1081 1186 155 43 adjoint
1194 1186 84 43 du
1236 1186 225 43 Val-de-Grâce
1418 1186 70 43 à
1433 1186 112 43 Paris.

571 1226 126 42 21578
655 1226 140 42 LIEBLE
754 1226 112 42 (Ph.
824 1226 154 42 Louis),
936 1226 140 42 savant
1034 1226 225 42 paléographe,
1217 1226 239 42 collaborateur
1414 1226 84 42 de
1456 1226 98 42 Dom
1498 1226 56 42 de

572 1263 162 46 Vaines,
690 1263 264 46 bibliothécaire
910 1263 88 46 de
954 1263 397 46 Saint-Germain-des-Prés,
1307 1263 88 46 un
1351 1263 103 46 des
1395 1263 147 46 derniers

571 1291 143 42 membres
675 1291 78 42 de
714 1291 78 42 la
754 1291 209 42 congrégation
923 1291 78 42 de
962 1291 196 42 Saint-Maur.
1119 1291 117 42 L.
1197 1291 130 42 a
1288 1291 78 42 s.
1327 1291 65 42 à
1353 1291 143 42 Mgr...;
1445 1291 104 42 abbaye

572 1325 77 36 de
611 1325 345 36 Saint-Germain-des-Prés,
917 1325 77 36 20
956 1325 115 36 févr.
1033 1325 115 36 1787,
1109 1325 64 36 1
1135 1325 77 36 p.
1173 1325 115 36 in-4.
1250 1325 64 36 4
1263 1325 38 36 »

598 1355 168 52 Curieuse
724 1355 140 52 épître
822 1355 98 52 sur
877 1355 84 52 la
919 1355 168 52 mauvaise
1045 1355 251 52 administration
1255 1355 98 52 des
1311 1355 196 52 supérieurs
1464 1355 84 52 de
1492 1355 56 52 la

566 1400 231 36 congrégation
753 1400 87 36 de
797 1400 202 36 Saint-Maur
956 1400 87 36 et
999 1400 101 36 les
1057 1400 144 36 moyens
1158 1400 101 36 d’y
1201 1400 159 36 remédier.

570 1428 95 51 21579
634 1428 95 51 LISZT
698 1428 106 51 (Fr.),
772 1428 117 51 célèbre
857 1428 127 51 pianiste
952 1428 138 51 allemand.
1058 1428 95 51 L.
1122 1428 64 51 a.
1154 1428 106 51 s.
1228 1428 53 51 à
1249 1428 95 51 Jules
1313 1428 106 51 Janin;
1377 1428 74 51 Cons-

563 1470 187 40 tantinople,
712 1470 62 40 8
737 1470 100 40 juin
799 1470 112 40 1847,
874 1470 62 40 1
898 1470 75 40 p.
936 1470 87 40 3/4
985 1470 112 40 in-8.
1060 1470 112 40 Jolie
1135 1470 137 40 lettre.
1234 1470 62 40 3
1247 1470 37 40 »

571 1497 90 66 21580
631 1497 90 66 LOUIS
691 1497 90 66 XIII,
751 1497 70 66 roi
791 1497 60 66 de
821 1497 110 66 France.
901 1497 90 66 P.
961 1497 110 66 s.,
1040 1497 120 66 contres.
1130 1497 220 66 Phelypeaux;
1320 1497 60 66 13
1350 1497 80 66 août
1390 1497 70 66 1611,

572 1537 50 55 2
592 1537 60 55 p.
622 1537 110 55 in-fol.
702 1537 50 55 4
712 1537 30 55 »

589 1561 138 75 Sommes
686 1561 69 75 à
713 1561 124 75 lever
796 1561 96 75 sur
851 1561 96 75 ses
906 1561 138 75 sujets
1002 1561 83 75 de
1044 1561 83 75 la
1085 1561 193 75 généralité
1236 1561 83 75 de
1278 1561 110 75 Lyon
1346 1561 110 75 pour
1415 1561 83 75 la
1443 1561 110 75 taille

561 1615 152 36 ordinaire.

568 1639 79 66 21581
621 1639 79 66 LOUIS
674 1639 62 66 XV,
709 1639 62 66 roi
745 1639 53 66 de
771 1639 97 66 France.
842 1639 79 66 P.
895 1639 97 66 s.
965 1639 71 66 avec
1009 1639 53 66 le
1036 1639 62 66 mot
1071 1639 123 66 bon
1168 1639 106 66 autogr.;
1247 1639 79 66 1764,
1300 1639 62 66 1/2
1327 1639 35 66 p.

568 1682 84 43 in-fol.
630 1682 38 43 2
637 1682 31 43 25

572 1711 108 59 21582
644 1711 216 59 LOUIS-PHILIPPE
824 1711 84 59 Ier
872 1711 84 59 roi
920 1711 84 59 des
968 1711 156 59 Français.
1088 1711 108 59 L.
1160 1711 132 59 s.
1256 1711 108 59 1842,
1328 1711 84 59 1/2
1376 1711 72 59 p.
1412 1711 108 59 in-4.
1484 1711 60 59 2
1496 1711 48 59 50

566 1757 125 56 21583
650 1757 223 56 LOUISE-MARIE
831 1757 84 56 DE
872 1757 153 56 FRANCE,
984 1757 125 56 fille
1067 1757 84 56 de
1109 1757 125 56 Louis
1193 1757 97 56 XV,
1249 1757 195 56 religieuse
1388 1757 153 56 carmélite

569 1797 106 35 sous
635 1797 80 35 le
675 1797 93 35 nom
728 1797 80 35 de
768 1797 146 35 sœur
874 1797 146 35 Thérèse
981 1797 80 35 de
1020 1797 252 35 Saint-Augustin.
1233 1797 80 35 L.
1273 1797 80 35 a.
1313 1797 146 35 s.
1419 1797 120 35 1785,
1486 1797 66 35 3/4

567 1828 63 42 de
598 1828 63 42 p.
629 1828 94 42 in-4.
692 1828 52 42 3
703 1828 31 42 »

567 1854 106 65 21584
638 1854 130 65 LOUVOIS
732 1854 94 65 (Fr.
791 1854 71 65 M.
827 1854 165 65 LETELLIER,
956 1854 83 65 mis
1003 1854 94 65 de),
1062 1854 165 65 l’illustre
1192 1854 141 65 ministre
1298 1854 71 65 de
1333 1854 106 65 Louis
1392 1854 71 65 XIV.

565 1896 102 54 L.
633 1896 125 54 s.
724 1896 205 54 Saint-Germain,
894 1896 68 54 19
928 1896 102 54 févr.
997 1896 102 54 1681,
1065 1896 57 54 1
1088 1896 68 54 p.
1122 1896 125 54 in-fol.
1213 1896 57 54 3
1224 1896 34 54 »

591 1919 164 54 Défense
710 1919 89 54 du
755 1919 104 54 jeu
814 1919 89 54 de
859 1919 89 54 la
903 1919 178 54 bassette
1037 1919 119 54 dans
1112 1919 119 54 tous
1186 1919 104 54 les
1246 1919 134 54 lieux
1335 1919 89 54 où
1379 1919 89 54 il
1424 1919 74 54 y
1454 1919 74 54 a
1469 1919 74 54 des

563 1967 158 40 troupes
678 1967 86 40 en
707 1967 158 40 garnison.

568 1992 123 54 21585
650 1992 123 54 MAINE
733 1992 96 54 (L.
787 1992 82 54 B.
828 1992 82 54 de
869 1992 164 54 BOURBON,
993 1992 164 54 duchesse
1116 1992 109 54 DU),
1184 1992 178 54 princesse
1321 1992 96 54 qui
1376 1992 137 54 trempa
1458 1992 82 54 dans

570 2038 82 36 la
611 2038 219 36 conspiration
789 2038 82 36 de
830 2038 178 36 Cellamare
967 2038 82 36 et
1008 2038 82 36 se
1049 2038 137 36 retira
1145 2038 68 36 à
1172 2038 150 36 Sceaux,
1281 2038 82 36 où
1322 2038 109 36 elle
1391 2038 123 36 reçut
1459 2038 82 36 tous

562 2071 89 37 les
613 2071 115 37 beaux
690 2071 140 37 esprits
791 2071 76 37 de
830 2071 89 37 son
881 2071 127 37 temps.
970 2071 115 37 L.
1046 2071 115 37 a
1123 2071 64 37 à
1148 2071 76 37 la
1186 2071 166 37 princesse
1314 2071 76 37 de
1352 2071 127 37 Conti;
1428 2071 102 37 Sceaux

575 2103 66 48 11
608 2103 132 48 juillet,
707 2103 55 48 1
729 2103 66 48 p.
762 2103 77 48 pl.
806 2103 99 48 in-4.
871 2103 99 48 Jolie
937 2103 121 48 lettre.
1025 2103 55 48 4
1036 2103 44 48 50

567 2128 123 54 21586
649 2128 177 54 MAINTENON
785 2128 95 54 (la
840 2128 109 54 mise
908 2128 109 54 de),
976 2128 95 54 une
1030 2128 95 54 des
1085 2128 136 54 femmes
1180 2128 95 54 les
1234 2128 109 54 plus
1303 2128 163 54 célèbres
1425 2128 82 54 du
1452 2128 82 54 dix-

578 2168 155 45 septième
694 2168 142 45 siècle.
797 2168 116 45 L.
874 2168 129 45 a.
964 2168 77 45 (à
1003 2168 90 45 une
1055 2168 103 45 sœur
1119 2168 77 45 du
1158 2168 142 45 couvent
1261 2168 77 45 de
1299 2168 180 45 Chaillot);
1441 2168 77 45 18
1467 2168 77 45 nov.

582 2202 125 43 1700),
669 2202 62 43 2
694 2202 75 43 p.
731 2202 112 43 in-4.
806 2202 174 43 Incomplète
943 2202 75 43 de
980 2202 75 43 la
1017 2202 100 43 fin.
1080 2202 75 43 10
1105 2202 37 43 »

597 2237 124 42 Cette
680 2237 151 42 lettre,
790 2237 110 42 dont
859 2237 83 42 il
900 2237 83 42 ne
941 2237 138 42 paraît
1037 2237 151 42 manquer
1147 2237 96 42 que
1202 2237 165 42 quelques
1326 2237 124 42 mots,
1409 2237 96 42 est
1450 2237 96 42 toute

568 2265 170 52 relative
695 2265 71 52 à
723 2265 240 52 l’acceptation
921 2265 99 52 par
978 2265 127 52 Louis
1063 2265 99 52 XIV
1119 2265 85 52 de
1161 2265 85 52 la
1204 2265 170 52 couronne
1331 2265 184 52 d’Espagne
1458 2265 85 52 pour

563 2306 106 38 son
623 2306 211 38 petit-fils
789 2306 91 38 le
835 2306 106 38 duc
895 2306 181 38 d’Anjou.
1031 2306 242 38 «L’événement
1227 2306 91 38 du
1272 2306 166 38 royaume
1378 2306 166 38 d’Espagne

565 2341 142 38 passé,
664 2341 184 38 dit-elle,
806 2341 113 38 sans
877 2341 142 38 guerre
976 2341 113 38 dans
1047 2341 85 38 la
1089 2341 142 38 maison
1189 2341 85 38 de
1231 2341 156 38 France,
1345 2341 85 38 et
1387 2341 113 38 tout
1444 2341 99 38 cella

571 2373 153 38 déclaré
682 2373 97 38 par
738 2373 139 38 nostre
835 2373 111 38 roy,
905 2373 153 38 l’union
1016 2373 83 38 de
1058 2373 83 38 la
1099 2373 153 38 famille
1210 2373 167 38 royalle,
1336 2373 97 38 les
1391 2373 139 38 pleurs
1475 2373 69 38 des

567 2402 123 47 trois
650 2402 137 47 frères
745 2402 96 47 sur
800 2402 110 47 leur
869 2402 206 47 séparation,
1033 2402 82 47 la
1074 2402 110 47 joye
1143 2402 82 47 de
1184 2402 82 47 M.
1225 2402 82 47 le
1266 2402 151 47 Dauphin
1376 2402 82 47 de
1417 2402 123 47 céder
1485 2402 55 47 un
