1544 2256
254 342 936 96 DÉSIGNATION

249 574 178 119 AGARD
368 574 277 119 (Charles).
586 574 99 119 —
626 574 119 119 6,
685 574 139 119 rue
765 574 416 119 Aumont-Thiéville,
1101 574 159 119 Paris.

404 693 201 89 1
555 693 101 89 La
606 693 168 89 Vallée
723 693 101 89 de
773 693 101 89 la
824 693 151 89 Seine
924 693 84 89 à
941 693 218 89 Bennecourt.

387 745 188 58 *2
517 745 159 58 Pâturage.

398 793 186 65 3
537 793 93 65 Au
583 793 124 65 bord
660 793 93 65 de
691 793 124 65 l’eau.

383 839 193 63 *4
532 839 193 63 Fillettes
681 839 74 63 à
710 839 89 63 la
740 839 134 63 chèvre.

382 887 210 72 *5
543 887 97 72 Le
592 887 145 72 petit
689 887 129 72 bras
770 887 97 72 de
818 887 97 72 la
867 887 145 72 Seine
963 887 81 72 à
980 887 145 72 Gloton.

393 938 208 77 6
549 938 191 77 Tulipes
687 938 104 77 et
739 938 208 77 myosotis
895 938 104 77 au
947 938 139 77 Parc
1017 938 173 77 Monceau.

379 985 199 61 *7
531 985 183 61 Quelques
654 985 137 61 fleurs.

376 1028 196 72 *8
527 1028 106 72 Une
587 1028 106 72 ile
648 1028 91 72 de
693 1028 91 72 la
723 1028 121 72 Seine.

377 1079 169 57 *9
494 1079 117 57 Fruits.

338 1116 241 86 *10
527 1116 103 86 Le
579 1116 206 86 couchant
733 1116 86 86 à
750 1116 224 86 Bennecourt.

236 1237 199 101 ALBERT
375 1237 278 101 (Adolphe).
594 1237 99 101 —
634 1237 139 101 42,
713 1237 139 101 rue
793 1237 259 101 Fontaine,
972 1237 159 101 Paris.

452 1335 196 74 11
603 1335 136 74 Femme
693 1335 75 74 à
723 1335 90 74 sa
768 1335 196 74 toilette.
904 1335 45 74 —

452 1399 154 64 12
570 1399 71 64 Le
606 1399 106 64 Petit
665 1399 106 64 Andely.

457 1448 105 51 13
530 1448 65 51 Etude.

450 1491 160 72 14
573 1491 111 72 Petit
647 1491 99 72 bras
709 1491 74 72 de
733 1491 99 72 Seine.

451 1537 111 60 15
528 1537 77 60 L’Epte.

445 1584 176 72 16
581 1584 81 72 La
622 1584 122 72 Seine
703 1584 81 72 au
744 1584 122 72 Petit
812 1584 122 72 Andely.

448 1631 154 67 17
566 1631 142 67 Carnaval
661 1631 130 67 (pastel).

444 1684 177 80 18
581 1684 82 80 En
622 1684 136 80 avant,
717 1684 123 80 deux!
785 1684 150 80 (pastel).

265 1755 111 101 (1)
329 1755 255 101 L’astérisque
536 1755 143 101 placé
631 1755 80 101 à
663 1755 127 101 côté
743 1755 111 101 des
806 1755 175 101 numéros
934 1755 175 101 indique
1061 1755 111 101 les
1109 1755 127 101 œuvres

228 1816 88 51 à
246 1816 159 51 vendre.

263 1863 95 71 On
311 1863 127 71 peut
390 1863 95 71 se
438 1863 207 71 procurer,
597 1863 95 71 au
645 1863 239 71 Secrétariat
836 1863 95 71 de
883 1863 254 71 l'Exposition
1090 1863 127 71 tous
1154 1863 80 71 les

225 1905 302 85 renseignements
477 1905 252 85 nécessaires
679 1905 84 85 à
712 1905 185 85 l’achat
847 1905 118 85 des
914 1905 218 85 ouvrages,
1082 1905 134 85 prix
1149 1905 84 85 des

228 1950 163 75 œuvres
342 1950 98 75 et
391 1950 196 75 adresses
538 1950 114 75 des
587 1950 163 75 auteurs.
