1544 2268
622 215 136 104 —
676 215 163 104 17
731 215 82 104 —

226 292 341 94 CHANALEILLES
502 292 298 94 (Gustave).
737 292 106 94 —
779 292 170 94 233,
885 292 255 94 faubourg
1056 292 170 94 Saint-

264 372 214 76 Honoré,
400 372 155 76 Paris.

440 429 173 84 156
575 429 99 84 Fort
637 429 111 84 Carré
699 429 148 84 d’Antibes.

438 501 201 65 157
596 501 101 65 Mer
653 501 144 65 agitée
740 501 173 65 d’Antibes.

442 544 174 67 158
578 544 75 67 Le
616 544 149 67 sommeil.

446 581 187 77 159
592 581 174 77 Cueilette
726 581 80 77 de
766 581 80 77 là
806 581 120 77 fleur
873 581 160 77 d’oranger.

445 647 163 58 160
573 647 81 58 Dos
620 647 70 58 de
643 647 93 58 femme.

445 685 186 64 161
591 685 159 64 Paysanne
710 685 146 64 niçoise
816 685 93 64 (au
856 685 133 64 soleil).

448 743 172 57 162
583 743 110 57 Bords
656 743 74 57 de
693 743 74 57 la
718 743 98 57 Marne.

446 774 197 62 163
600 774 98 62 Vue
657 774 183 62 d’Antibes
797 774 84 62 en
839 774 112 62 août
896 774 140 62 (étude).

442 829 231 79 164
623 829 149 79 Femme
722 829 165 79 rousse
838 829 198 79 (pastel)
986 829 198 79 (étude).

449 883 186 67 165
595 883 160 67 Portrait
715 883 146 67 d’homme
808 883 146 67 (fusain).

234 968 287 90 CHARMOILLE
460 968 246 90 (André).
645 968 103 90 —
686 968 205 90 35-37,
830 968 144 90 rue
912 968 123 90 de
953 968 164 90 Seine.

334 1056 234 83 166
518 1056 184 83 Coucher
652 1056 100 83 de
702 1056 167 83 soleil
819 1056 117 83 sur
886 1056 100 83 le
920 1056 234 83 vert

337 1117 228 63 167
516 1117 146 63 Lever
613 1117 98 63 de
662 1117 130 63 lune
743 1117 114 63 sur
809 1117 98 63 la
841 1117 114 63 Cité.

337 1163 233 59 168
521 1163 167 59 Soleil
637 1163 100 59 du
687 1163 167 59 matin,
804 1163 133 59 pont
887 1163 117 59 des
937 1163 117 59 Arts.

337 1206 226 79 169
515 1206 162 79 Soleil
628 1206 97 79 du
676 1206 146 79 soir,
773 1206 129 79 pont
854 1206 113 79 des
903 1206 113 79 Arts.

338 1264 211 59 170
489 1264 120 59 Etude.

337 1285 245 107 171
530 1285 193 107 Coucher
671 1285 105 107 de
723 1285 193 107 soleil,
863 1285 193 107 plateau
1004 1285 105 107 de
1039 1285 210 107 Nelleville

471 1356 324 66 (Seine

338 1387 224 85 172
514 1387 96 85 La
562 1387 112 85 rue
626 1387 208 85 Visconti,
785 1387 160 85 soleil
881 1387 160 85 d’hiver.

334 1444 262 76 173
540 1444 187 76 Quatre
671 1444 187 76 études
802 1444 112 76 de
858 1444 187 76 Paris:
989 1444 168 76 Berge
1101 1444 112 76 du
1139 1444 112 76 quai

488 1505 277 48 Voltaire,
701 1505 192 48 Berge
829 1505 128 48 du
893 1505 171 48 quai
999 1505 149 48 des
1063 1505 192 48 Grands-

491 1540 282 59 Augustins,
712 1540 121 59 la
772 1540 181 59 Seine
893 1540 161 59 aval
994 1540 141 59 vue
1074 1540 121 59 du
1114 1540 141 59 Pont-

490 1590 172 83 Neuf,
605 1590 115 83 la
662 1590 172 83 Seine
777 1590 172 83 amont
892 1590 134 83 vue
968 1590 115 83 du
1025 1590 153 83 pont
1102 1590 153 83 Solfé

474 1654 132 59 rino.

243 1752 225 85 CHARMOY
406 1752 184 85 (José
529 1752 164 85 de).
632 1752 102 85 —
673 1752 164 85 114,
775 1752 143 85 rue
857 1752 123 85 de
898 1752 246 85 Vaugirard.

311 1824 290 78 *174
543 1824 232 78 «Demos»,
717 1824 193 78 Peuple
852 1824 232 78 pleurant
1026 1824 135 78 sur
1084 1824 174 78 l’Huma-

705 1895 143 76 nité
777 1895 250 76 (esquisses).
