1544 2280
639 197 137 96 —
693 197 164 96 21
748 197 82 96 —

318 272 244 100 233
509 272 105 100 Le
561 272 174 100 chemin
683 272 105 100 de
736 272 105 100 la
788 272 209 100 Corniche
945 272 87 100 à
962 272 209 100 Trouville.

323 341 248 66 234
518 341 106 66 Un
571 341 177 66 chemin
695 341 89 66 à
713 341 283 66 Hennequeville.

324 366 238 81 235
511 366 102 81 Un
562 366 187 81 sentier
698 366 102 81 au
749 366 238 81 Grand-Bec,
935 366 136 81 près
1003 366 238 81 Villerville.

325 440 244 74 236
516 440 105 74 La
569 440 157 74 plage
673 440 122 74 des
743 440 209 74 Godelias
900 440 87 74 à
934 440 192 74 Etables
1056 440 192 74 (Côte

466 496 168 59 Nord).

326 511 233 107 237
510 511 100 107 La
560 511 150 107 route
660 511 317 107 d’Hennequeville
927 511 167 107 (effet
1043 511 100 107 de
1077 511 133 107 nuit).

241 632 258 102 DECOPREZ
434 632 301 102 (Fernand).
671 632 108 102 —
714 632 258 102 Brolles,
907 632 151 102 par
972 632 280 102 Bois

263 714 359 67 (Seine

328 774 236 76 238
514 774 135 76 Soir
598 774 101 76 de
632 774 185 76 novembre.

257 835 280 88 239
477 835 300 88 Brouillards
717 835 280 88 d’automne.
917 835 80 88 Sc

243 954 247 73 DELANOIX
429 954 226 73 (Paul).
593 954 103 73 —
634 954 144 73 23,
717 954 185 73 place
820 954 226 73 Dauphine.

322 1038 244 71 *240
517 1038 114 71 Une
582 1038 147 71 fille
680 1038 98 71 du
712 1038 147 71 peuple.

320 1107 253 61 *241
522 1107 236 61 Rencontrée
708 1107 84 61 à
724 1107 253 61 l’Exposition.

335 1150 203 54 242
495 1150 73 54 A
510 1150 174 54 l’atelier.

321 1193 258 57 *243
527 1193 206 57 Danseuse
681 1193 103 57 au
716 1193 137 57 repos.

249 1285 171 94 DENIS
363 1285 266 94 (Maurice).
572 1285 95 94 —
610 1285 133 94 59,
686 1285 133 94 rue
762 1285 114 94 de
820 1285 209 94 Mareil,
953 1285 304 94 Saint-

289 1366 208 74 en-Laye
422 1366 341 74 (Seine

342 1438 212 69 244
494 1438 121 69 Moïse.

338 1482 252 70 245
536 1482 216 70 Esquisse
698 1482 144 70 d’un
789 1482 198 70 paysage
933 1482 108 70 de
969 1482 216 70 printemps.

341 1542 209 57 246
505 1542 89 57 Le
535 1542 134 57 réveil.

339 1580 232 70 247
522 1580 166 70 Vierge
638 1580 116 70 aux
688 1580 166 70 enfants.

338 1621 264 93 248
545 1621 188 93 Groupe
677 1621 113 93 de
734 1621 188 93 jeunes
866 1621 207 93 femmes.
1016 1621 264 93 Appartient
1205 1621 57 93 à

483 1688 121 52 M.
543 1688 121 52 H.
584 1688 81 52 L.

343 1720 225 75 249
520 1720 193 75 Portrait
665 1720 97 75 de
713 1720 129 75 Mlle
778 1720 64 75 X.

343 1781 238 58 250
530 1781 204 58 Portrait
682 1781 102 58 de
733 1781 119 58 Mme
784 1781 68 58 X.

342 1824 269 80 251
553 1824 173 80 Étude
669 1824 154 80 pour
765 1824 115 80 un
823 1824 250 80 portrait.
1015 1824 269 80 Appartient
1207 1824 58 80 à

481 1871 176 89 Mme
556 1871 101 89 M.
