<alto xmlns:xsi="http://www.w3.org/2001/XMLSchema-instance" xmlns="http://www.loc.gov/standards/alto/ns-v2#" xmlns:page="http://schema.primaresearch.org/PAGE/gts/pagecontent/2013-07-15" xsi:schemaLocation="http://www.loc.gov/standards/alto/ns-v2# http://www.loc.gov/standards/alto/alto.xsd">
  <Description>
    <MeasurementUnit>pixel</MeasurementUnit>
    <sourceImageInformation>
         <fileName>25.jpg</fileName>
      </sourceImageInformation>
    <OCRProcessing ID="IdOcr">
      <ocrProcessingStep>
        <processingDateTime>2020-10-30T17:31:08.275+01:00</processingDateTime>
        <processingSoftware>
               <softwareCreator>CONTRIBUTORS</softwareCreator>
               <softwareName>pdfalto</softwareName>
               <softwareVersion>0.1</softwareVersion>
            </processingSoftware>
      </ocrProcessingStep>
    </OCRProcessing>
  </Description>
  <Styles>
     <TextStyle ID="FONT0" FONTSTYLE=""/>
     <TextStyle ID="FONT1" FONTSTYLE="bold"/>
     <TextStyle ID="FONT2" FONTSTYLE="italics"/>
</Styles>
  <Tags/>
  <Layout>
    <Page ID="Page1" PHYSICAL_IMG_NR="1" HEIGHT="2280" WIDTH="1544">
      <PrintSpace HEIGHT="2093" WIDTH="1408" VPOS="81" HPOS="48">
        <TextBlock ID="r_1_1" HEIGHT="31" WIDTH="97" VPOS="267" HPOS="681">
          <TextLine ID="tl_1" BASELINE="318" HEIGHT="79" WIDTH="112" VPOS="239" HPOS="675">
            <String HEIGHT="79" WIDTH="140" VPOS="239" HPOS="647" CONTENT="—" ID="tl_1_1" STYLEREFS="FONT0"/>
            <SP HEIGHT="79" WIDTH="28" VPOS="239" HPOS="787"/>
            <String HEIGHT="79" WIDTH="112" VPOS="239" HPOS="675" CONTENT="23" ID="tl_1_2" STYLEREFS="FONT0"/>
          </TextLine>
        </TextBlock>
        <TextBlock ID="r_2_1" HEIGHT="50" WIDTH="815" VPOS="330" HPOS="307">
          <TextLine ID="tl_2" BASELINE="385" HEIGHT="98" WIDTH="826" VPOS="287" HPOS="302">
            <String HEIGHT="98" WIDTH="364" VPOS="287" HPOS="278" CONTENT="*266" ID="tl_2_1" STYLEREFS="FONT1"/>
            <SP HEIGHT="98" WIDTH="24" VPOS="287" HPOS="642"/>
            <String HEIGHT="98" WIDTH="267" VPOS="287" HPOS="569" CONTENT="Vieille" ID="tl_2_2" STYLEREFS="FONT0"/>
            <SP HEIGHT="98" WIDTH="24" VPOS="287" HPOS="836"/>
            <String HEIGHT="98" WIDTH="121" VPOS="287" HPOS="764" CONTENT="à" ID="tl_2_3" STYLEREFS="FONT0"/>
            <SP HEIGHT="98" WIDTH="24" VPOS="287" HPOS="885"/>
            <String HEIGHT="98" WIDTH="146" VPOS="287" HPOS="812" CONTENT="la" ID="tl_2_4" STYLEREFS="FONT0"/>
            <SP HEIGHT="98" WIDTH="24" VPOS="287" HPOS="958"/>
            <String HEIGHT="98" WIDTH="292" VPOS="287" HPOS="885" CONTENT="croisée." ID="tl_2_5" STYLEREFS="FONT0"/>
            <SP HEIGHT="98" WIDTH="24" VPOS="287" HPOS="1177"/>
            <String HEIGHT="98" WIDTH="49" VPOS="287" HPOS="1079" CONTENT="" ID="tl_2_6" STYLEREFS="FONT0"/>
          </TextLine>
        </TextBlock>
        <TextBlock ID="r_2_2" HEIGHT="103" WIDTH="743" VPOS="366" HPOS="344">
          <TextLine ID="tl_3" BASELINE="434" HEIGHT="77" WIDTH="754" VPOS="357" HPOS="338">
            <String HEIGHT="77" WIDTH="343" VPOS="357" HPOS="315" CONTENT="*267" ID="tl_3_1" STYLEREFS="FONT1"/>
            <SP HEIGHT="77" WIDTH="23" VPOS="357" HPOS="658"/>
            <String HEIGHT="77" WIDTH="251" VPOS="357" HPOS="589" CONTENT="Vieille" ID="tl_3_2" STYLEREFS="FONT0"/>
            <SP HEIGHT="77" WIDTH="23" VPOS="357" HPOS="841"/>
            <String HEIGHT="77" WIDTH="137" VPOS="357" HPOS="772" CONTENT="en" ID="tl_3_3" STYLEREFS="FONT0"/>
            <SP HEIGHT="77" WIDTH="23" VPOS="357" HPOS="909"/>
            <String HEIGHT="77" WIDTH="297" VPOS="357" HPOS="841" CONTENT="songerie." ID="tl_3_4" STYLEREFS="FONT0"/>
            <SP HEIGHT="77" WIDTH="23" VPOS="357" HPOS="1138"/>
            <String HEIGHT="77" WIDTH="46" VPOS="357" HPOS="1046" CONTENT="" ID="tl_3_5" STYLEREFS="FONT0"/>
          </TextLine>
          <TextLine ID="tl_4" BASELINE="480" HEIGHT="54" WIDTH="741" VPOS="426" HPOS="340">
            <String HEIGHT="54" WIDTH="242" VPOS="426" HPOS="324" CONTENT="*268" ID="tl_4_1" STYLEREFS="FONT1"/>
            <SP HEIGHT="54" WIDTH="16" VPOS="426" HPOS="566"/>
            <String HEIGHT="54" WIDTH="145" VPOS="426" HPOS="517" CONTENT="Suite" ID="tl_4_2" STYLEREFS="FONT0"/>
            <SP HEIGHT="54" WIDTH="16" VPOS="426" HPOS="662"/>
            <String HEIGHT="54" WIDTH="97" VPOS="426" HPOS="614" CONTENT="de" ID="tl_4_3" STYLEREFS="FONT0"/>
            <SP HEIGHT="54" WIDTH="16" VPOS="426" HPOS="711"/>
            <String HEIGHT="54" WIDTH="177" VPOS="426" HPOS="662" CONTENT="dessins" ID="tl_4_4" STYLEREFS="FONT0"/>
            <SP HEIGHT="54" WIDTH="16" VPOS="426" HPOS="839"/>
            <String HEIGHT="54" WIDTH="145" VPOS="426" HPOS="791" CONTENT="faits" ID="tl_4_5" STYLEREFS="FONT0"/>
            <SP HEIGHT="54" WIDTH="16" VPOS="426" HPOS="936"/>
            <String HEIGHT="54" WIDTH="97" VPOS="426" HPOS="888" CONTENT="au" ID="tl_4_6" STYLEREFS="FONT0"/>
            <SP HEIGHT="54" WIDTH="16" VPOS="426" HPOS="984"/>
            <String HEIGHT="54" WIDTH="161" VPOS="426" HPOS="920" CONTENT="village." ID="tl_4_7" STYLEREFS="FONT0"/>
          </TextLine>
        </TextBlock>
        <TextBlock ID="r_2_3" HEIGHT="37" WIDTH="678" VPOS="476" HPOS="345">
          <TextLine ID="tl_5" BASELINE="517" HEIGHT="52" WIDTH="688" VPOS="465" HPOS="340">
            <String HEIGHT="52" WIDTH="246" VPOS="465" HPOS="324" CONTENT="*269" ID="tl_5_1" STYLEREFS="FONT1"/>
            <SP HEIGHT="52" WIDTH="16" VPOS="465" HPOS="569"/>
            <String HEIGHT="52" WIDTH="164" VPOS="465" HPOS="520" CONTENT="Dessin" ID="tl_5_2" STYLEREFS="FONT0"/>
            <SP HEIGHT="52" WIDTH="16" VPOS="465" HPOS="684"/>
            <String HEIGHT="52" WIDTH="147" VPOS="465" HPOS="635" CONTENT="d’une" ID="tl_5_3" STYLEREFS="FONT0"/>
            <SP HEIGHT="52" WIDTH="16" VPOS="465" HPOS="782"/>
            <String HEIGHT="52" WIDTH="180" VPOS="465" HPOS="733" CONTENT="vieille" ID="tl_5_4" STYLEREFS="FONT0"/>
            <SP HEIGHT="52" WIDTH="16" VPOS="465" HPOS="913"/>
            <String HEIGHT="52" WIDTH="98" VPOS="465" HPOS="864" CONTENT="de" ID="tl_5_5" STYLEREFS="FONT0"/>
            <SP HEIGHT="52" WIDTH="16" VPOS="465" HPOS="962"/>
            <String HEIGHT="52" WIDTH="131" VPOS="465" HPOS="897" CONTENT="Paris." ID="tl_5_6" STYLEREFS="FONT0"/>
          </TextLine>
        </TextBlock>
        <TextBlock ID="r_2_4" HEIGHT="140" WIDTH="840" VPOS="524" HPOS="346">
          <TextLine ID="tl_6" BASELINE="576" HEIGHT="62" WIDTH="799" VPOS="514" HPOS="341">
            <String HEIGHT="62" WIDTH="240" VPOS="514" HPOS="325" CONTENT="*270" ID="tl_6_1" STYLEREFS="FONT1"/>
            <SP HEIGHT="62" WIDTH="16" VPOS="514" HPOS="565"/>
            <String HEIGHT="62" WIDTH="160" VPOS="514" HPOS="517" CONTENT="Dessin" ID="tl_6_2" STYLEREFS="FONT0"/>
            <SP HEIGHT="62" WIDTH="16" VPOS="514" HPOS="677"/>
            <String HEIGHT="62" WIDTH="144" VPOS="514" HPOS="629" CONTENT="d’une" ID="tl_6_3" STYLEREFS="FONT0"/>
            <SP HEIGHT="62" WIDTH="16" VPOS="514" HPOS="772"/>
            <String HEIGHT="62" WIDTH="176" VPOS="514" HPOS="725" CONTENT="vieille" ID="tl_6_4" STYLEREFS="FONT0"/>
            <SP HEIGHT="62" WIDTH="16" VPOS="514" HPOS="900"/>
            <String HEIGHT="62" WIDTH="96" VPOS="514" HPOS="852" CONTENT="de" ID="tl_6_5" STYLEREFS="FONT0"/>
            <SP HEIGHT="62" WIDTH="16" VPOS="514" HPOS="948"/>
            <String HEIGHT="62" WIDTH="144" VPOS="514" HPOS="900" CONTENT="Paris" ID="tl_6_6" STYLEREFS="FONT0"/>
            <SP HEIGHT="62" WIDTH="16" VPOS="514" HPOS="1044"/>
            <String HEIGHT="62" WIDTH="160" VPOS="514" HPOS="980" CONTENT="(suite)." ID="tl_6_7" STYLEREFS="FONT0"/>
          </TextLine>
          <TextLine ID="tl_7" BASELINE="617" HEIGHT="54" WIDTH="801" VPOS="563" HPOS="342">
            <String HEIGHT="54" WIDTH="240" VPOS="563" HPOS="326" CONTENT="*271" ID="tl_7_1" STYLEREFS="FONT1"/>
            <SP HEIGHT="54" WIDTH="16" VPOS="563" HPOS="566"/>
            <String HEIGHT="54" WIDTH="160" VPOS="563" HPOS="518" CONTENT="Dessin" ID="tl_7_2" STYLEREFS="FONT0"/>
            <SP HEIGHT="54" WIDTH="16" VPOS="563" HPOS="678"/>
            <String HEIGHT="54" WIDTH="144" VPOS="563" HPOS="630" CONTENT="d’une" ID="tl_7_3" STYLEREFS="FONT0"/>
            <SP HEIGHT="54" WIDTH="16" VPOS="563" HPOS="775"/>
            <String HEIGHT="54" WIDTH="176" VPOS="563" HPOS="726" CONTENT="vieille" ID="tl_7_4" STYLEREFS="FONT0"/>
            <SP HEIGHT="54" WIDTH="16" VPOS="563" HPOS="903"/>
            <String HEIGHT="54" WIDTH="96" VPOS="563" HPOS="855" CONTENT="de" ID="tl_7_5" STYLEREFS="FONT0"/>
            <SP HEIGHT="54" WIDTH="16" VPOS="563" HPOS="951"/>
            <String HEIGHT="54" WIDTH="144" VPOS="563" HPOS="903" CONTENT="Paris" ID="tl_7_6" STYLEREFS="FONT0"/>
            <SP HEIGHT="54" WIDTH="16" VPOS="563" HPOS="1047"/>
            <String HEIGHT="54" WIDTH="160" VPOS="563" HPOS="983" CONTENT="(suite)." ID="tl_7_7" STYLEREFS="FONT0"/>
          </TextLine>
          <TextLine ID="tl_8" BASELINE="678" HEIGHT="65" WIDTH="849" VPOS="613" HPOS="342">
            <String HEIGHT="65" WIDTH="255" VPOS="613" HPOS="325" CONTENT="*272" ID="tl_8_1" STYLEREFS="FONT1"/>
            <SP HEIGHT="65" WIDTH="17" VPOS="613" HPOS="580"/>
            <String HEIGHT="65" WIDTH="187" VPOS="613" HPOS="529" CONTENT="Paysage" ID="tl_8_2" STYLEREFS="FONT0"/>
            <SP HEIGHT="65" WIDTH="17" VPOS="613" HPOS="716"/>
            <String HEIGHT="65" WIDTH="136" VPOS="613" HPOS="665" CONTENT="près" ID="tl_8_3" STYLEREFS="FONT0"/>
            <SP HEIGHT="65" WIDTH="17" VPOS="613" HPOS="800"/>
            <String HEIGHT="65" WIDTH="102" VPOS="613" HPOS="750" CONTENT="la" ID="tl_8_4" STYLEREFS="FONT0"/>
            <SP HEIGHT="65" WIDTH="17" VPOS="613" HPOS="851"/>
            <String HEIGHT="65" WIDTH="255" VPOS="613" HPOS="800" CONTENT="Belle-Epine" ID="tl_8_5" STYLEREFS="FONT0"/>
            <SP HEIGHT="65" WIDTH="17" VPOS="613" HPOS="1055"/>
            <String HEIGHT="65" WIDTH="204" VPOS="613" HPOS="987" CONTENT="(S." ID="tl_8_6" STYLEREFS="FONT0"/>
          </TextLine>
        </TextBlock>
        <TextBlock ID="r_3_1" HEIGHT="43" WIDTH="818" VPOS="779" HPOS="272">
          <TextLine ID="tl_9" BASELINE="842" HEIGHT="94" WIDTH="828" VPOS="748" HPOS="267">
            <String HEIGHT="94" WIDTH="177" VPOS="748" HPOS="247" CONTENT="DUITZ" ID="tl_9_1" STYLEREFS="FONT0"/>
            <SP HEIGHT="94" WIDTH="20" VPOS="748" HPOS="425"/>
            <String HEIGHT="94" WIDTH="256" VPOS="748" HPOS="366" CONTENT="(Napoléon" ID="tl_9_2" STYLEREFS="FONT0"/>
            <SP HEIGHT="94" WIDTH="20" VPOS="748" HPOS="622"/>
            <String HEIGHT="94" WIDTH="138" VPOS="748" HPOS="563" CONTENT="S.)" ID="tl_9_3" STYLEREFS="FONT0"/>
            <SP HEIGHT="94" WIDTH="20" VPOS="748" HPOS="701"/>
            <String HEIGHT="94" WIDTH="99" VPOS="748" HPOS="642" CONTENT="—" ID="tl_9_4" STYLEREFS="FONT0"/>
            <SP HEIGHT="94" WIDTH="20" VPOS="748" HPOS="740"/>
            <String HEIGHT="94" WIDTH="138" VPOS="748" HPOS="681" CONTENT="27," ID="tl_9_5" STYLEREFS="FONT0"/>
            <SP HEIGHT="94" WIDTH="20" VPOS="748" HPOS="819"/>
            <String HEIGHT="94" WIDTH="138" VPOS="748" HPOS="760" CONTENT="rue" ID="tl_9_6" STYLEREFS="FONT0"/>
            <SP HEIGHT="94" WIDTH="20" VPOS="748" HPOS="898"/>
            <String HEIGHT="94" WIDTH="138" VPOS="748" HPOS="839" CONTENT="des" ID="tl_9_7" STYLEREFS="FONT0"/>
            <SP HEIGHT="94" WIDTH="20" VPOS="748" HPOS="977"/>
            <String HEIGHT="94" WIDTH="197" VPOS="748" HPOS="898" CONTENT="Martyrs." ID="tl_9_8" STYLEREFS="FONT0"/>
          </TextLine>
        </TextBlock>
        <TextBlock ID="r_5_1" HEIGHT="40" WIDTH="359" VPOS="891" HPOS="500">
          <TextLine ID="tl_17" BASELINE="946" HEIGHT="70" WIDTH="368" VPOS="876" HPOS="495">
            <String HEIGHT="70" WIDTH="166" VPOS="876" HPOS="483" CONTENT="273" ID="tl_17_1" STYLEREFS="FONT1"/>
            <SP HEIGHT="70" WIDTH="12" VPOS="876" HPOS="649"/>
            <String HEIGHT="70" WIDTH="71" VPOS="876" HPOS="614" CONTENT="Le" ID="tl_17_2" STYLEREFS="FONT0"/>
            <SP HEIGHT="70" WIDTH="12" VPOS="876" HPOS="685"/>
            <String HEIGHT="70" WIDTH="131" VPOS="876" HPOS="649" CONTENT="Thillot" ID="tl_17_3" STYLEREFS="FONT0"/>
            <SP HEIGHT="70" WIDTH="12" VPOS="876" HPOS="780"/>
            <String HEIGHT="70" WIDTH="131" VPOS="876" HPOS="732" CONTENT="(Yosges)." ID="tl_17_4" STYLEREFS="FONT0"/>
          </TextLine>
        </TextBlock>
        <TextBlock ID="r_5_2" HEIGHT="38" WIDTH="150" VPOS="941" HPOS="497">
          <TextLine ID="tl_18" BASELINE="989" HEIGHT="57" WIDTH="161" VPOS="932" HPOS="492">
            <String HEIGHT="57" WIDTH="113" VPOS="932" HPOS="484" CONTENT="274" ID="tl_18_1" STYLEREFS="FONT1"/>
            <SP HEIGHT="57" WIDTH="8" VPOS="932" HPOS="597"/>
            <String HEIGHT="57" WIDTH="48" VPOS="932" HPOS="573" CONTENT="Il" ID="tl_18_2" STYLEREFS="FONT0"/>
            <SP HEIGHT="57" WIDTH="8" VPOS="932" HPOS="621"/>
            <String HEIGHT="57" WIDTH="64" VPOS="932" HPOS="589" CONTENT="neige." ID="tl_18_3" STYLEREFS="FONT0"/>
          </TextLine>
        </TextBlock>
        <TextBlock ID="r_5_3" HEIGHT="81" WIDTH="537" VPOS="987" HPOS="499">
          <TextLine ID="tl_19" BASELINE="1030" HEIGHT="55" WIDTH="545" VPOS="975" HPOS="495">
            <String HEIGHT="55" WIDTH="218" VPOS="975" HPOS="479" CONTENT="275" ID="tl_19_1" STYLEREFS="FONT1"/>
            <SP HEIGHT="55" WIDTH="16" VPOS="975" HPOS="697"/>
            <String HEIGHT="55" WIDTH="156" VPOS="975" HPOS="651" CONTENT="Chemin" ID="tl_19_2" STYLEREFS="FONT0"/>
            <SP HEIGHT="55" WIDTH="16" VPOS="975" HPOS="806"/>
            <String HEIGHT="55" WIDTH="125" VPOS="975" HPOS="760" CONTENT="dans" ID="tl_19_3" STYLEREFS="FONT0"/>
            <SP HEIGHT="55" WIDTH="16" VPOS="975" HPOS="884"/>
            <String HEIGHT="55" WIDTH="109" VPOS="975" HPOS="838" CONTENT="les" ID="tl_19_4" STYLEREFS="FONT0"/>
            <SP HEIGHT="55" WIDTH="16" VPOS="975" HPOS="947"/>
            <String HEIGHT="55" WIDTH="171" VPOS="975" HPOS="900" CONTENT="Vosges." ID="tl_19_5" STYLEREFS="FONT0"/>
            <SP HEIGHT="55" WIDTH="16" VPOS="975" HPOS="1071"/>
            <String HEIGHT="55" WIDTH="31" VPOS="975" HPOS="1009" CONTENT="" ID="tl_19_6" STYLEREFS="FONT0"/>
          </TextLine>
          <TextLine ID="tl_20" BASELINE="1080" HEIGHT="52" WIDTH="260" VPOS="1028" HPOS="494">
            <String HEIGHT="52" WIDTH="152" VPOS="1028" HPOS="483" CONTENT="276" ID="tl_20_1" STYLEREFS="FONT1"/>
            <SP HEIGHT="52" WIDTH="11" VPOS="1028" HPOS="635"/>
            <String HEIGHT="52" WIDTH="163" VPOS="1028" HPOS="592" CONTENT="Méditerranée." ID="tl_20_2" STYLEREFS="FONT0"/>
          </TextLine>
        </TextBlock>
        <TextBlock ID="r_5_4" HEIGHT="32" WIDTH="280" VPOS="1084" HPOS="501">
          <TextLine ID="tl_21" BASELINE="1137" HEIGHT="62" WIDTH="288" VPOS="1075" HPOS="497">
            <String HEIGHT="62" WIDTH="155" VPOS="1075" HPOS="486" CONTENT="277" ID="tl_21_1" STYLEREFS="FONT1"/>
            <SP HEIGHT="62" WIDTH="11" VPOS="1075" HPOS="641"/>
            <String HEIGHT="62" WIDTH="100" VPOS="1075" HPOS="608" CONTENT="Etude" ID="tl_21_2" STYLEREFS="FONT0"/>
            <SP HEIGHT="62" WIDTH="11" VPOS="1075" HPOS="707"/>
            <String HEIGHT="62" WIDTH="122" VPOS="1075" HPOS="663" CONTENT="d’enfant." ID="tl_21_3" STYLEREFS="FONT0"/>
          </TextLine>
        </TextBlock>
        <TextBlock ID="r_5_5" HEIGHT="89" WIDTH="544" VPOS="1131" HPOS="503">
          <TextLine ID="tl_22" BASELINE="1172" HEIGHT="52" WIDTH="553" VPOS="1120" HPOS="498">
            <String HEIGHT="52" WIDTH="180" VPOS="1120" HPOS="485" CONTENT="278" ID="tl_22_1" STYLEREFS="FONT1"/>
            <SP HEIGHT="52" WIDTH="13" VPOS="1120" HPOS="665"/>
            <String HEIGHT="52" WIDTH="129" VPOS="1120" HPOS="627" CONTENT="Soleil" ID="tl_22_2" STYLEREFS="FONT0"/>
            <SP HEIGHT="52" WIDTH="13" VPOS="1120" HPOS="755"/>
            <String HEIGHT="52" WIDTH="90" VPOS="1120" HPOS="717" CONTENT="sur" ID="tl_22_3" STYLEREFS="FONT0"/>
            <SP HEIGHT="52" WIDTH="13" VPOS="1120" HPOS="807"/>
            <String HEIGHT="52" WIDTH="77" VPOS="1120" HPOS="768" CONTENT="la" ID="tl_22_4" STYLEREFS="FONT0"/>
            <SP HEIGHT="52" WIDTH="13" VPOS="1120" HPOS="845"/>
            <String HEIGHT="52" WIDTH="116" VPOS="1120" HPOS="807" CONTENT="neige" ID="tl_22_5" STYLEREFS="FONT0"/>
            <SP HEIGHT="52" WIDTH="13" VPOS="1120" HPOS="922"/>
            <String HEIGHT="52" WIDTH="180" VPOS="1120" HPOS="871" CONTENT="(aquarelle)." ID="tl_22_6" STYLEREFS="FONT0"/>
          </TextLine>
          <TextLine ID="tl_23" BASELINE="1240" HEIGHT="69" WIDTH="498" VPOS="1171" HPOS="500">
            <String HEIGHT="69" WIDTH="183" VPOS="1171" HPOS="487" CONTENT="279" ID="tl_23_1" STYLEREFS="FONT1"/>
            <SP HEIGHT="69" WIDTH="13" VPOS="1171" HPOS="670"/>
            <String HEIGHT="69" WIDTH="118" VPOS="1171" HPOS="631" CONTENT="Etude" ID="tl_23_2" STYLEREFS="FONT0"/>
            <SP HEIGHT="69" WIDTH="13" VPOS="1171" HPOS="749"/>
            <String HEIGHT="69" WIDTH="157" VPOS="1171" HPOS="710" CONTENT="(Vosges)" ID="tl_23_3" STYLEREFS="FONT0"/>
            <SP HEIGHT="69" WIDTH="13" VPOS="1171" HPOS="867"/>
            <String HEIGHT="69" WIDTH="183" VPOS="1171" HPOS="815" CONTENT="(aquarelle)." ID="tl_23_4" STYLEREFS="FONT0"/>
          </TextLine>
        </TextBlock>
        <TextBlock ID="r_6_1" HEIGHT="91" WIDTH="925" VPOS="1326" HPOS="281">
          <TextLine ID="tl_24" BASELINE="1384" HEIGHT="68" WIDTH="935" VPOS="1316" HPOS="276">
            <String HEIGHT="68" WIDTH="213" VPOS="1316" HPOS="255" CONTENT="DURAND" ID="tl_24_1" STYLEREFS="FONT0"/>
            <SP HEIGHT="68" WIDTH="21" VPOS="1316" HPOS="467"/>
            <String HEIGHT="68" WIDTH="276" VPOS="1316" HPOS="404" CONTENT="(Joanne)." ID="tl_24_2" STYLEREFS="FONT0"/>
            <SP HEIGHT="68" WIDTH="21" VPOS="1316" HPOS="680"/>
            <String HEIGHT="68" WIDTH="106" VPOS="1316" HPOS="616" CONTENT="—" ID="tl_24_3" STYLEREFS="FONT0"/>
            <SP HEIGHT="68" WIDTH="21" VPOS="1316" HPOS="722"/>
            <String HEIGHT="68" WIDTH="149" VPOS="1316" HPOS="659" CONTENT="58," ID="tl_24_4" STYLEREFS="FONT0"/>
            <SP HEIGHT="68" WIDTH="21" VPOS="1316" HPOS="807"/>
            <String HEIGHT="68" WIDTH="149" VPOS="1316" HPOS="744" CONTENT="rue" ID="tl_24_5" STYLEREFS="FONT0"/>
            <SP HEIGHT="68" WIDTH="21" VPOS="1316" HPOS="892"/>
            <String HEIGHT="68" WIDTH="128" VPOS="1316" HPOS="829" CONTENT="de" ID="tl_24_6" STYLEREFS="FONT0"/>
            <SP HEIGHT="68" WIDTH="21" VPOS="1316" HPOS="956"/>
            <String HEIGHT="68" WIDTH="128" VPOS="1316" HPOS="892" CONTENT="la" ID="tl_24_7" STYLEREFS="FONT0"/>
            <SP HEIGHT="68" WIDTH="21" VPOS="1316" HPOS="1020"/>
            <String HEIGHT="68" WIDTH="276" VPOS="1316" HPOS="935" CONTENT="République," ID="tl_24_8" STYLEREFS="FONT0"/>
          </TextLine>
          <TextLine ID="tl_25" BASELINE="1440" HEIGHT="75" WIDTH="112" VPOS="1365" HPOS="317">
            <String HEIGHT="75" WIDTH="157" VPOS="1365" HPOS="272" CONTENT="Lyon." ID="tl_25_1" STYLEREFS="FONT0"/>
          </TextLine>
        </TextBlock>
        <TextBlock ID="r_6_2" HEIGHT="40" WIDTH="411" VPOS="1487" HPOS="361">
          <TextLine ID="tl_26" BASELINE="1533" HEIGHT="79" WIDTH="422" VPOS="1454" HPOS="356">
            <String HEIGHT="79" WIDTH="234" VPOS="1454" HPOS="340" CONTENT="*280" ID="tl_26_1" STYLEREFS="FONT1"/>
            <SP HEIGHT="79" WIDTH="16" VPOS="1454" HPOS="575"/>
            <String HEIGHT="79" WIDTH="141" VPOS="1454" HPOS="528" CONTENT="Effet" ID="tl_26_2" STYLEREFS="FONT0"/>
            <SP HEIGHT="79" WIDTH="16" VPOS="1454" HPOS="669"/>
            <String HEIGHT="79" WIDTH="94" VPOS="1454" HPOS="622" CONTENT="de" ID="tl_26_3" STYLEREFS="FONT0"/>
            <SP HEIGHT="79" WIDTH="16" VPOS="1454" HPOS="715"/>
            <String HEIGHT="79" WIDTH="125" VPOS="1454" HPOS="653" CONTENT="neige." ID="tl_26_4" STYLEREFS="FONT0"/>
          </TextLine>
        </TextBlock>
        <TextBlock ID="r_6_3" HEIGHT="32" WIDTH="426" VPOS="1536" HPOS="360">
          <TextLine ID="tl_27" BASELINE="1579" HEIGHT="55" WIDTH="435" VPOS="1524" HPOS="356">
            <String HEIGHT="55" WIDTH="233" VPOS="1524" HPOS="340" CONTENT="*281" ID="tl_27_1" STYLEREFS="FONT1"/>
            <SP HEIGHT="55" WIDTH="16" VPOS="1524" HPOS="573"/>
            <String HEIGHT="55" WIDTH="124" VPOS="1524" HPOS="527" CONTENT="Coin" ID="tl_27_2" STYLEREFS="FONT0"/>
            <SP HEIGHT="55" WIDTH="16" VPOS="1524" HPOS="651"/>
            <String HEIGHT="55" WIDTH="93" VPOS="1524" HPOS="605" CONTENT="de" ID="tl_27_3" STYLEREFS="FONT0"/>
            <SP HEIGHT="55" WIDTH="16" VPOS="1524" HPOS="698"/>
            <String HEIGHT="55" WIDTH="155" VPOS="1524" HPOS="636" CONTENT="rivière." ID="tl_27_4" STYLEREFS="FONT0"/>
          </TextLine>
        </TextBlock>
        <TextBlock ID="r_6_4" HEIGHT="33" WIDTH="437" VPOS="1584" HPOS="362">
          <TextLine ID="tl_28" BASELINE="1625" HEIGHT="56" WIDTH="448" VPOS="1569" HPOS="357">
            <String HEIGHT="56" WIDTH="240" VPOS="1569" HPOS="341" CONTENT="*282" ID="tl_28_1" STYLEREFS="FONT1"/>
            <SP HEIGHT="56" WIDTH="16" VPOS="1569" HPOS="581"/>
            <String HEIGHT="56" WIDTH="128" VPOS="1569" HPOS="533" CONTENT="Coin" ID="tl_28_2" STYLEREFS="FONT0"/>
            <SP HEIGHT="56" WIDTH="16" VPOS="1569" HPOS="661"/>
            <String HEIGHT="56" WIDTH="96" VPOS="1569" HPOS="613" CONTENT="de" ID="tl_28_3" STYLEREFS="FONT0"/>
            <SP HEIGHT="56" WIDTH="16" VPOS="1569" HPOS="709"/>
            <String HEIGHT="56" WIDTH="160" VPOS="1569" HPOS="645" CONTENT="rivière." ID="tl_28_4" STYLEREFS="FONT0"/>
          </TextLine>
        </TextBlock>
        <TextBlock ID="r_6_5" HEIGHT="40" WIDTH="578" VPOS="1631" HPOS="362">
          <TextLine ID="tl_29" BASELINE="1682" HEIGHT="67" WIDTH="588" VPOS="1615" HPOS="357">
            <String HEIGHT="67" WIDTH="252" VPOS="1615" HPOS="340" CONTENT="*283" ID="tl_29_1" STYLEREFS="FONT1"/>
            <SP HEIGHT="67" WIDTH="17" VPOS="1615" HPOS="592"/>
            <String HEIGHT="67" WIDTH="185" VPOS="1615" HPOS="542" CONTENT="Maisons" ID="tl_29_2" STYLEREFS="FONT0"/>
            <SP HEIGHT="67" WIDTH="17" VPOS="1615" HPOS="727"/>
            <String HEIGHT="67" WIDTH="134" VPOS="1615" HPOS="676" CONTENT="dans" ID="tl_29_3" STYLEREFS="FONT0"/>
            <SP HEIGHT="67" WIDTH="17" VPOS="1615" HPOS="811"/>
            <String HEIGHT="67" WIDTH="118" VPOS="1615" HPOS="760" CONTENT="les" ID="tl_29_4" STYLEREFS="FONT0"/>
            <SP HEIGHT="67" WIDTH="17" VPOS="1615" HPOS="878"/>
            <String HEIGHT="67" WIDTH="134" VPOS="1615" HPOS="811" CONTENT="Alpes." ID="tl_29_5" STYLEREFS="FONT0"/>
          </TextLine>
        </TextBlock>
        <TextBlock ID="r_6_6" HEIGHT="38" WIDTH="440" VPOS="1679" HPOS="360">
          <TextLine ID="tl_30" BASELINE="1728" HEIGHT="61" WIDTH="452" VPOS="1667" HPOS="354">
            <String HEIGHT="61" WIDTH="251" VPOS="1667" HPOS="337" CONTENT="*284" ID="tl_30_1" STYLEREFS="FONT1"/>
            <SP HEIGHT="61" WIDTH="17" VPOS="1667" HPOS="588"/>
            <String HEIGHT="61" WIDTH="117" VPOS="1667" HPOS="538" CONTENT="Rue" ID="tl_30_2" STYLEREFS="FONT0"/>
            <SP HEIGHT="61" WIDTH="17" VPOS="1667" HPOS="655"/>
            <String HEIGHT="61" WIDTH="84" VPOS="1667" HPOS="605" CONTENT="à" ID="tl_30_3" STYLEREFS="FONT0"/>
            <SP HEIGHT="61" WIDTH="17" VPOS="1667" HPOS="689"/>
            <String HEIGHT="61" WIDTH="184" VPOS="1667" HPOS="622" CONTENT="Briançou." ID="tl_30_4" STYLEREFS="FONT0"/>
          </TextLine>
        </TextBlock>
        <TextBlock ID="r_6_7" HEIGHT="34" WIDTH="517" VPOS="1727" HPOS="363">
          <TextLine ID="tl_31" BASELINE="1776" HEIGHT="61" WIDTH="528" VPOS="1715" HPOS="358">
            <String HEIGHT="61" WIDTH="255" VPOS="1715" HPOS="341" CONTENT="*285" ID="tl_31_1" STYLEREFS="FONT1"/>
            <SP HEIGHT="61" WIDTH="17" VPOS="1715" HPOS="596"/>
            <String HEIGHT="61" WIDTH="153" VPOS="1715" HPOS="545" CONTENT="Femme" ID="tl_31_2" STYLEREFS="FONT0"/>
            <SP HEIGHT="61" WIDTH="17" VPOS="1715" HPOS="699"/>
            <String HEIGHT="61" WIDTH="85" VPOS="1715" HPOS="648" CONTENT="à" ID="tl_31_3" STYLEREFS="FONT0"/>
            <SP HEIGHT="61" WIDTH="17" VPOS="1715" HPOS="733"/>
            <String HEIGHT="61" WIDTH="221" VPOS="1715" HPOS="665" CONTENT="l’ombrelle." ID="tl_31_4" STYLEREFS="FONT0"/>
          </TextLine>
        </TextBlock>
        <TextBlock ID="r_6_8" HEIGHT="32" WIDTH="417" VPOS="1776" HPOS="362">
          <TextLine ID="tl_32" BASELINE="1819" HEIGHT="55" WIDTH="427" VPOS="1764" HPOS="357">
            <String HEIGHT="55" WIDTH="237" VPOS="1764" HPOS="341" CONTENT="*286" ID="tl_32_1" STYLEREFS="FONT1"/>
            <SP HEIGHT="55" WIDTH="16" VPOS="1764" HPOS="578"/>
            <String HEIGHT="55" WIDTH="142" VPOS="1764" HPOS="531" CONTENT="Bords" ID="tl_32_2" STYLEREFS="FONT0"/>
            <SP HEIGHT="55" WIDTH="16" VPOS="1764" HPOS="673"/>
            <String HEIGHT="55" WIDTH="95" VPOS="1764" HPOS="626" CONTENT="de" ID="tl_32_3" STYLEREFS="FONT0"/>
            <SP HEIGHT="55" WIDTH="16" VPOS="1764" HPOS="721"/>
            <String HEIGHT="55" WIDTH="127" VPOS="1764" HPOS="657" CONTENT="l’Ain." ID="tl_32_4" STYLEREFS="FONT0"/>
          </TextLine>
        </TextBlock>
        <TextBlock ID="r_6_9" HEIGHT="33" WIDTH="453" VPOS="1823" HPOS="362">
          <TextLine ID="tl_33" BASELINE="1865" HEIGHT="71" WIDTH="464" VPOS="1794" HPOS="357">
            <String HEIGHT="71" WIDTH="258" VPOS="1794" HPOS="340" CONTENT="*287" ID="tl_33_1" STYLEREFS="FONT1"/>
            <SP HEIGHT="71" WIDTH="17" VPOS="1794" HPOS="598"/>
            <String HEIGHT="71" WIDTH="155" VPOS="1794" HPOS="546" CONTENT="Bords" ID="tl_33_2" STYLEREFS="FONT0"/>
            <SP HEIGHT="71" WIDTH="17" VPOS="1794" HPOS="701"/>
            <String HEIGHT="71" WIDTH="103" VPOS="1794" HPOS="649" CONTENT="du" ID="tl_33_3" STYLEREFS="FONT0"/>
            <SP HEIGHT="71" WIDTH="17" VPOS="1794" HPOS="752"/>
            <String HEIGHT="71" WIDTH="137" VPOS="1794" HPOS="684" CONTENT="Rhône." ID="tl_33_4" STYLEREFS="FONT0"/>
          </TextLine>
        </TextBlock>
        <TextBlock ID="r_6_10" HEIGHT="33" WIDTH="431" VPOS="1872" HPOS="365">
          <TextLine ID="tl_34" BASELINE="1915" HEIGHT="57" WIDTH="441" VPOS="1858" HPOS="360">
            <String HEIGHT="57" WIDTH="236" VPOS="1858" HPOS="344" CONTENT="*288" ID="tl_34_1" STYLEREFS="FONT1"/>
            <SP HEIGHT="57" WIDTH="16" VPOS="1858" HPOS="581"/>
            <String HEIGHT="57" WIDTH="142" VPOS="1858" HPOS="533" CONTENT="Etude" ID="tl_34_2" STYLEREFS="FONT0"/>
            <SP HEIGHT="57" WIDTH="16" VPOS="1858" HPOS="675"/>
            <String HEIGHT="57" WIDTH="95" VPOS="1858" HPOS="628" CONTENT="de" ID="tl_34_3" STYLEREFS="FONT0"/>
            <SP HEIGHT="57" WIDTH="16" VPOS="1858" HPOS="722"/>
            <String HEIGHT="57" WIDTH="142" VPOS="1858" HPOS="659" CONTENT="fruits." ID="tl_34_4" STYLEREFS="FONT0"/>
          </TextLine>
        </TextBlock>
        <TextBlock ID="r_6_11" HEIGHT="33" WIDTH="437" VPOS="1920" HPOS="380">
          <TextLine ID="tl_35" BASELINE="1982" HEIGHT="76" WIDTH="446" VPOS="1906" HPOS="376">
            <String HEIGHT="76" WIDTH="240" VPOS="1906" HPOS="359" CONTENT="289" ID="tl_35_1" STYLEREFS="FONT1"/>
            <SP HEIGHT="76" WIDTH="17" VPOS="1906" HPOS="599"/>
            <String HEIGHT="76" WIDTH="154" VPOS="1906" HPOS="548" CONTENT="Bords" ID="tl_35_2" STYLEREFS="FONT0"/>
            <SP HEIGHT="76" WIDTH="17" VPOS="1906" HPOS="702"/>
            <String HEIGHT="76" WIDTH="103" VPOS="1906" HPOS="650" CONTENT="du" ID="tl_35_3" STYLEREFS="FONT0"/>
            <SP HEIGHT="76" WIDTH="17" VPOS="1906" HPOS="753"/>
            <String HEIGHT="76" WIDTH="137" VPOS="1906" HPOS="685" CONTENT="Rhône." ID="tl_35_4" STYLEREFS="FONT0"/>
          </TextLine>
        </TextBlock>
        <GraphicalElement ID="r_7" HEIGHT="10" WIDTH="884" VPOS="83" HPOS="210"/>
        <GraphicalElement ID="r_8" HEIGHT="6" WIDTH="295" VPOS="90" HPOS="1140"/>
        <GraphicalElement ID="r_9" HEIGHT="2092" WIDTH="26" VPOS="81" HPOS="48"/>
        <GraphicalElement ID="r_10" HEIGHT="632" WIDTH="12" VPOS="1527" HPOS="1429"/>
        <GraphicalElement ID="r_11" HEIGHT="261" WIDTH="4" VPOS="1242" HPOS="1436"/>
        <GraphicalElement ID="r_12" HEIGHT="1272" WIDTH="11" VPOS="91" HPOS="1442"/>
        <GraphicalElement ID="r_13" HEIGHT="1002" WIDTH="13" VPOS="1172" HPOS="1443"/>
        <GraphicalElement ID="r_14" HEIGHT="77" WIDTH="6" VPOS="938" HPOS="1443"/>
      </PrintSpace>
    </Page>
  </Layout>
</alto>
