1556 2292
715 261 134 76 —
769 261 161 76 26
823 261 81 76 —

386 332 239 67 *335
578 332 160 67 Lavoir
689 332 80 67 à
705 332 160 67 Chelles.

388 388 244 68 *336
583 388 162 68 Nature
680 388 130 68 morte.

323 499 261 83 FOURNIÈRE
524 499 503 83 (Charles-Marie-Joseph
966 499 121 83 de
1026 499 161 83 la).
1127 499 101 83 —
1167 499 121 83 4,
1207 499 121 83 cité

361 565 211 56 d’Autin,
519 565 88 56 à
555 565 158 56 Brest
642 565 246 56 (Finistère).

403 637 233 58 337
586 637 250 58 Torpilleurs
786 637 133 58 dans
870 637 100 58 un
903 637 133 58 grain.

401 690 239 74 338
589 690 171 74 Bateau
708 690 102 74 de
742 690 137 74 pêche.

322 810 218 71 FRANÇON
481 810 258 71 (Ernest).
680 810 99 71 —
719 810 139 71 32,
799 810 139 71 rue
878 810 199 71 Duret,
997 810 159 71 Paris.

404 862 233 57 339
587 862 216 57 Violettes
754 862 100 57 de
787 862 133 57 Parme.

391 911 245 51 *340
586 911 114 51 Les
652 911 179 51 boutons
766 911 114 51 d’or.

391 957 250 58 *341
592 957 200 58 Branchss
725 957 167 58 cassées.

394 1016 235 38 *342
582 1016 156 38 Fleurs
691 1016 94 38 et
723 1016 156 38 cuivres.

395 1044 247 69 *343
592 1044 115 69 Sur
658 1044 99 69 la
708 1044 148 69 butte
807 1044 165 69 Pinson
905 1044 297 69 (Seine

327 1145 210 108 FULLER
474 1145 526 108 (David-Thomas-Scott).
937 1145 105 108 —
979 1145 147 108 24,
1063 1145 147 108 rue
1126 1145 210 108 Pigalle,

350 1235 145 55 Paris.

410 1287 228 68 344
589 1287 163 68 Retour
703 1287 98 68 de
735 1287 212 68 patrouille.

411 1352 215 83 345
564 1352 230 83 Chiffonnette.

332 1470 266 77 GAUDIBERT
536 1470 287 77 (Auguste).
762 1470 102 77 —
803 1470 184 77 Villa
925 1470 143 77 des
1007 1470 184 77 Arts,
1130 1470 143 77 rue
1192 1470 143 77 Hégé-

371 1532 326 70 sippe-Moreau,
620 1532 153 70 Paris.

418 1598 238 69 346
605 1598 204 69 Portrait
758 1598 102 69 de
809 1598 102 69 M.
860 1598 187 69 Charles
979 1598 170 69 Bernard.

402 1656 258 75 *347
608 1656 120 75 Les
677 1656 258 75 Roches-d’Or
866 1656 310 75 (Saint

338 1769 200 87 GÉRARD
478 1769 260 87 (Gaston).
678 1769 100 87 —
718 1769 120 87 6,
778 1769 140 87 rue
857 1769 120 87 du
917 1769 340 87 Val-de-Crâce,
1177 1769 160 87 Paris.

397 1854 249 74 *348
596 1854 100 74 La
630 1854 182 74 vendange.

404 1909 246 89 *349
601 1909 98 89 La
650 1909 148 89 jeune
748 1909 148 89 fille
847 1909 115 89 aux
896 1909 197 89 Narcisses.
