1556 2286
690 247 138 84 —
746 247 166 84 30
801 247 83 84 —

289 301 209 113 GUIGNÉ
435 301 418 113 (Alexis-Eugène).
791 301 104 113 —
832 301 146 113 42,
916 301 209 113 chemin
1062 301 125 113 du
1104 301 188 113 Viaduc,

327 373 114 77 au
384 373 209 77 Perreux
517 373 190 77 (Seine).

358 453 253 83 *411
561 453 101 83 La
611 453 152 83 Marne
713 453 219 83 (environs
881 453 101 83 de
915 453 152 83 Paris).

353 528 267 78 *412
567 528 107 78 La
620 528 160 78 Marne
727 528 89 78 à
744 528 338 78 Nogent

354 575 258 64 *413
560 575 344 64 Clermont-Ferrand
836 575 172 64 (étude).

352 623 260 60 *414
560 623 121 60 Les
629 623 156 60 Monts
733 623 139 60 Dôme
803 623 173 60 (étude).

317 670 287 74 *415
550 670 107 74 aa
604 670 215 74 Dordogne
765 670 90 74 à
783 670 161 74 Baynac.

366 728 237 55 416
552 728 203 55 Souvenir
704 728 101 55 de
738 728 135 55 Royat.

365 765 250 68 417
562 765 179 68 Ruines
686 765 107 68 de
740 765 196 68 Temniac
865 765 232 68 (Dordogne).

351 814 259 76 *418
558 814 155 76 Bords
661 814 104 76 de
713 814 155 76 Marne
817 814 86 76 à
834 814 345 76 Neuilly

349 864 258 76 *419
555 864 155 76 Bords
659 864 103 76 de
710 864 155 76 Marne
814 864 86 76 à
831 864 103 76 Bry.

350 910 255 82 *420
554 910 136 82 Cour
638 910 102 82 de
689 910 153 82 ferme
791 910 85 82 à
808 910 85 82 Eu.

282 1021 303 93 GUILLEMONAT
524 1021 565 93 (Gabriel-Marie-Gilbert).
1029 1021 101 93 —
1069 1021 141 93 18,
1130 1021 161 93 avenue

323 1085 115 78 de
361 1085 192 78 l’Opéra.

358 1180 244 76 *421
553 1180 261 76 Varengeville
765 1180 130 76 (sur
846 1180 98 76 la
879 1180 179 76 Falaise).

354 1235 237 69 *422
544 1235 252 69 Varengeville
733 1235 205 69 (l’Eglise).

355 1287 242 65 *423
549 1287 259 65 Varengeville
759 1287 113 65 (la
807 1287 162 65 Plaine).

354 1337 259 75 *424
561 1337 277 75 Varengeville
786 1337 190 75 (Maison
924 1337 104 75 de
959 1337 207 75 douanier).

354 1382 254 69 *425
557 1382 271 69 Varengeville
777 1382 169 69 (Marée
879 1382 152 69 basse).

356 1426 237 69 *426
546 1426 253 69 Varengeville
736 1426 205 69 (l’Eglise).

356 1470 240 94 *427
548 1470 256 94 Varengeville
757 1470 112 94 (la
805 1470 160 94 Plaine).

278 1597 171 86 HÉLIS
392 1597 228 86 (Henri).
563 1597 95 86 —
601 1597 133 86 30,
677 1597 133 86 rue
752 1597 228 86 Vernier,
904 1597 152 86 Paris.

356 1718 236 59 428
541 1718 168 59 Brumes
659 1718 118 59 sur
727 1718 101 59 la
760 1718 135 59 Seine.

360 1756 223 81 429
535 1756 96 81 Le
583 1756 175 81 village
710 1756 239 81 d’Itteville
885 1756 287 81 (Seine

356 1821 233 81 430
539 1821 133 81 Nuit
622 1821 183 81 d’hiver
756 1821 116 81 (la
822 1821 150 81 porte
922 1821 100 81 de
955 1821 233 81 Conrcelles).

363 1862 223 66 431
538 1862 96 66 La
586 1862 143 66 porte
682 1862 96 66 de
714 1862 175 66 Villiers,

358 1904 225 82 432
535 1904 145 82 Bords
632 1904 97 82 de
680 1904 97 82 la
728 1904 145 82 Juine
825 1904 80 82 à
841 1904 193 82 Itteville.
