1544 2280
683 222 167 92 37
739 222 83 92 —

317 287 208 74 552
466 287 119 74 Neige.

316 349 230 74 553
496 349 181 74 Paysans
628 349 99 74 au
661 349 164 74 travail.

315 396 223 60 554
474 396 159 60 Paysage.

315 447 223 56 555
490 447 111 56 Eau
538 447 127 56 bleue.

313 495 224 59 556
473 495 160 59 Paysage.

315 541 226 66 557
476 541 210 66 Montévrain.

226 618 140 86 LEE
306 618 280 86 (William).
526 618 100 86 —
566 618 160 86 112,
666 618 260 86 boulevard
866 618 320 86 Malesherbes,
1106 618 140 86 Paris

315 697 223 78 558
474 697 271 78 L’Escarpolette.

316 759 204 82 559
462 759 160 82 Portrait.

227 850 133 71 LE
293 850 221 71 MARCIS
448 850 221 71 (Comte
603 850 575 71 Eugène-Ernest-Edmond).
1112 850 111 71 —
1134 850 111 71 10,

266 911 130 64 rue
341 911 205 64 Danton,
490 911 168 64 Paris
602 911 130 64 (6e
658 911 186 64 arrond.)

654 1006 180 58 SALLE
774 1006 45 58 I

323 1055 268 58 560
533 1055 191 58 Dante,
667 1055 115 58 au
725 1055 172 58 cours
839 1055 153 58 d’un
935 1055 172 58 songe
1031 1055 210 58 mystique,

477 1110 242 61 s’éveille
664 1110 149 61 dans
757 1110 279 61 l’intérieur
980 1110 168 61 d’une
1073 1110 168 61 sauvage

482 1156 182 46 forêt,
609 1156 200 46 symbole
755 1156 127 46 des
828 1156 218 46 troubles
991 1156 109 46 de
1046 1156 109 46 la
1100 1156 127 46 vie
1155 1156 91 46 et.

479 1206 116 50 de
537 1206 270 50 l’anarchie
749 1206 231 50 générale
922 1206 116 50 de
980 1206 135 50 son
1038 1206 154 50 temps.

322 1262 251 75 561
520 1262 162 75 Dante
627 1262 144 75 sort
717 1262 108 75 de
771 1262 108 75 la
825 1262 162 75 forêt
933 1262 162 75 suivi
1040 1262 162 75 d’une
1130 1262 108 75 pan

477 1313 185 56 thère,
606 1313 167 56 signe
717 1313 111 56 de
773 1313 111 56 la
828 1313 204 56 luxure,
976 1313 148 56 d’un
1069 1313 167 56 lior,
1161 1313 74 56 de

478 1363 254 53 l’orgueil,
677 1363 163 53 d’une
786 1363 181 53 louve,
913 1363 109 53 de
968 1363 254 53 l’avarice,
1149 1363 91 53 et.

477 1416 228 48 aperçoit
648 1416 114 48 au
705 1416 152 48 pied
800 1416 171 48 d’une
913 1416 209 48 colline
1046 1416 190 48 éclairée

479 1466 127 51 par
551 1466 109 51 le
606 1466 181 51 soleil
733 1466 199 51 levant,
878 1466 109 51 la
932 1466 163 51 porte
1041 1466 109 51 de
1077 1466 163 51 l’enier

477 1509 120 68 où
537 1509 120 68 se
597 1509 180 68 tient
718 1509 221 68 Virgile
878 1509 160 68 venu
978 1509 120 68 au
1038 1509 201 68 devant
1159 1509 80 68 de

453 1552 82 64 .
469 1552 98 64 lui.

323 1603 246 67 562
516 1603 158 67 Dante
622 1603 105 67 et
674 1603 193 67 Virgile
815 1603 263 67 rencontrent
1025 1603 175 67 Homère
1131 1603 105 67 cou

479 1674 162 56 ronné
587 1674 126 56 par
659 1674 216 56 l’Iliade
821 1674 108 56 et
857 1674 216 56 l’Odyssée.

322 1717 256 98 563
523 1717 165 98 Dante
633 1717 110 98 et
687 1717 201 98 Virgile
834 1717 274 98 rencontrent
1053 1717 128 98 les
1108 1717 128 98 morts

481 1790 253 59 coupables
675 1790 253 59 assemblés
870 1790 117 59 au
928 1790 156 59 bord
1026 1790 117 59 de
1065 1790 175 59 l’Aché-

480 1828 164 60 ron;
582 1828 226 60 Cerbère
746 1828 267 60 surveille
951 1828 164 60 leur
1033 1828 205 60 passage;

482 1883 160 74 Caron
589 1883 178 74 parait
713 1883 107 74 au
767 1883 142 74 loin
856 1883 124 74 sur
927 1883 107 74 le
962 1883 107 74 lac.
