1556 2280
722 217 114 101 —
768 217 137 101 38
813 217 69 101 —

384 315 249 63 564
580 315 160 63 Caron
687 315 143 63 fait
776 315 232 63 embarquer
954 315 321 63 précipitamment
1204 315 89 63 les

538 367 163 79 âmes
640 367 122 79 et
701 367 163 79 veut
803 367 265 79 répousser
1007 367 184 79 Dante
1129 367 122 79 et
1170 367 122 79 Vir

517 413 130 73 gile.

380 464 261 79 565
585 464 186 79 Amenés
716 464 112 79 au
772 464 242 79 jugement,
958 464 130 79 les
1032 464 186 79 damnés
1144 464 149 79 compa

537 530 245 71 raissent
721 530 204 71 devant
864 530 204 71 Minos,
1007 530 204 71 ancien
1150 530 143 71 roi
1211 530 82 71 de

520 573 155 56 Crète.

705 609 177 73 SALLE
804 609 79 73 II

383 671 251 70 566
580 671 125 70 Les
652 671 233 70 Charnels,
831 671 215 70 emportés
992 671 143 70 par.
1081 671 107 70 un
1135 671 143 70 vent
1207 671 90 70 fu

539 730 179 62 rieux,
665 730 251 62 parcourent
862 730 125 62 les
933 730 197 62 vallées
1059 730 233 62 infernales;

534 780 171 70 parmi
648 780 152 70 eux,
743 780 247 70 Françoise
932 780 114 70 de
989 780 190 70 Rimini
1122 780 114 70 et
1160 780 133 70 Paolo

517 827 227 73 Maiatesta.

381 891 240 76 567
569 891 120 76 Les
638 891 171 76 Avares
758 891 103 76 se
809 891 223 76 disputent
981 891 120 76 des
1049 891 137 76 sacs
1118 891 120 76 d’or.

381 953 241 63 568
570 953 224 63 Phlégias,
743 953 155 63 jadis
846 953 121 63 roi
915 953 121 63 des
984 953 224 63 Lapithes,
1139 953 155 63 montant

535 1015 144 49 une
618 1015 226 49 barque,
782 1015 226 49 couduit
946 1015 185 49 Dante
1069 1015 123 49 et
1110 1015 185 49 Virgile

538 1052 140 61 vers
625 1052 105 61 la
677 1052 157 61 ville
782 1052 105 61 de
817 1052 122 61 Dite.

382 1104 237 81 569
568 1104 152 81 Dante
670 1104 102 81 et
721 1104 186 81 Virgile
856 1104 203 81 arrivent
1008 1104 118 81 aux
1076 1104 169 81 portes
1194 1104 102 81 de
1228 1104 68 81 la

539 1169 168 76 ville
651 1169 112 76 de
707 1169 149 76 Dite
800 1169 205 76 remplie
949 1169 112 76 de
987 1169 186 76 flammes.

377 1227 251 68 570
574 1227 126 68 Les
646 1227 287 68 Orgueilleux,
879 1227 215 68 enfermés
1041 1227 144 68 dans
1131 1227 108 68 la
1166 1227 126 68 ville

535 1282 111 76 de
590 1282 166 76 Dite,
701 1282 259 76 s’irritent
904 1282 111 76 de
959 1282 222 76 l’entrée
1126 1282 111 76 de
1163 1282 129 76 Dante

541 1327 102 61 et
575 1327 170 61 Virgile.

377 1397 251 63 571
575 1397 198 63 Debout,
718 1397 144 63 dans
808 1397 108 63 sa
862 1397 162 63 fosse
970 1397 216 63 ardente,
1113 1397 180 63 Farinata

538 1443 162 70 Degli
646 1443 198 70 Uberti,
790 1443 198 70 Guelfe,
935 1443 288 70 c’est-à-dire
1151 1443 144 70 parti-

539 1494 136 51 san
616 1494 117 51 de
675 1494 350 51 l’indépendance
966 1494 272 51 italienne,
1161 1494 136 51 s’en-

537 1544 227 59 tretient
708 1544 133 59 des
783 1544 246 59 discordes
973 1544 114 59 de
1030 1544 227 59 Florence
1181 1544 114 59 avec

537 1593 180 74 Dante,
663 1593 216 74 partisan
825 1593 108 74 de
879 1593 252 74 l’alliance
1058 1593 216 74 impériale.

383 1655 245 59 572
579 1655 114 59 Les
644 1655 212 59 Violents,
808 1655 196 59 suicidés
955 1655 98 59 ou
1004 1655 262 59 dissipateurs
1200 1655 98 59 sont

534 1712 382 48 métamorphosés
848 1712 135 48 et
915 1712 337 48 emprisonnés
1162 1712 135 48 dans

541 1757 129 47 des
614 1757 185 47 arbres
744 1757 166 47 entre
854 1757 221 47 lesquels
1020 1757 258 47 séjournent
1205 1757 92 47 les

538 1797 227 56 Harpies.
708 1797 246 56 Rencontre
898 1797 114 56 de
954 1797 189 56 Pierre
1087 1797 132 56 des
1144 1797 151 56 Vignes

534 1845 206 79 accusé
678 1845 123 79 de
740 1845 247 79 trahison
925 1845 206 79 envers
1048 1845 247 79 l’empereur

543 1888 216 78 Frédéric
687 1888 90 78 II.
