1544 2280
617 207 135 91 —
671 207 162 91 39
725 207 81 91 —

620 334 197 72 SALLE
730 334 88 72 VI

316 412 241 74 573
505 412 120 74 Les
574 412 241 74 Charlatans
763 412 86 74 :
797 412 224 74 Jirésias,
969 412 155 74 devin
1055 412 172 74 thébain,

466 478 174 53 est.
575 478 218 53 moitié
727 478 196 53 homme
858 478 218 53 moitié
1010 478 218 53 femme,
1141 478 87 53 et

469 526 221 58 d’autres
634 526 129 58 ont
708 526 111 58 le
763 526 166 58 corps
856 526 147 58 tordu.

316 582 241 65 574
505 582 121 65 Les
574 582 345 65 Concussionnaires
867 582 138 65 sont
953 582 241 65 précipités
1126 582 103 65 dans

471 649 109 48 la
525 649 145 48 poix
616 649 271 48 bouillante.
833 649 217 48 Giampole
996 649 109 48 en
1050 649 127 48 est
1104 649 127 48 arra-

471 694 135 60 ché
548 694 116 60 et
606 694 213 60 déchiré
761 694 135 60 par
838 694 135 60 des
896 694 174 60 démons.

320 751 245 76 575
513 751 105 76 Le
566 751 193 76 cortège
706 751 123 76 des
776 751 245 76 Hypocrites
969 751 105 76 se
1022 751 175 76 traine
1127 751 105 76 sous

473 800 139 57 des
553 800 199 57 chapes
692 800 119 57 de
752 800 179 57 plomb
871 800 199 57 dorées
1010 800 119 57 au
1050 800 179 57 dehors.

322 866 266 66 576
531 866 133 66 Les
607 866 209 66 voleurs
759 866 152 66 sont
854 866 190 66 mordus
987 866 133 66 par
1063 866 133 66 des
1120 866 114 66 ser-

474 917 206 65 pents.
619 917 165 65 Leur
721 917 185 65 corps
845 917 124 65 se
907 917 329 65 métamorphose
1154 917 82 65 de

478 975 210 67 l’homme
631 975 96 67 à
669 975 115 67 la
726 975 172 67 bête.
822 975 153 67 Buots.

636 1040 180 95 SALLE
736 1040 100 95 III

330 1146 240 61 577
519 1146 120 61 Les
587 1146 206 61 fauteurs
742 1146 103 61 de
794 1146 223 61 discorde:
965 1146 120 61 des
1034 1146 189 61 diables
1154 1146 86 61 les

480 1196 247 58 frappent
665 1196 103 58 à
707 1196 185 58 coups
830 1196 226 58 d’épée.
994 1196 123 58 Un
1035 1196 206 58 prophète

486 1257 129 57 est
559 1257 166 57 fendu
670 1257 202 57 jusqu’à
817 1257 110 57 la
872 1257 221 57 ceinture
1038 1257 147 57 pour
1111 1257 129 57 cause

486 1296 108 74 de
540 1296 180 74 guerre
648 1296 235 74 religieuse.

331 1354 251 70 578
528 1354 197 70 Bertram
671 1354 107 70 de
725 1354 161 70 Born,
832 1354 143 70 puni
922 1354 143 70 pour
1011 1354 161 70 avoir
1101 1354 143 70 excité

487 1418 90 60 à
523 1418 108 60 la
577 1418 181 60 guerre
704 1418 253 60 familiale,
903 1418 163 60 tient
1011 1418 108 60 sa
1065 1418 145 60 tête
1138 1418 108 60 dans

484 1462 122 75 sa
524 1462 142 75 main.

336 1518 237 67 579
522 1518 169 67 Mosca,
641 1518 203 67 partisan
793 1518 237 67 florentin,
979 1518 118 67 est
1047 1518 169 67 mutilé
1148 1518 102 67 pour

492 1571 166 71 cause
602 1571 111 71 de
658 1571 185 71 guerre
769 1571 166 71 civile.

654 1674 207 71 SALLE
769 1674 69 71 V

355 1739 246 85 580
549 1739 105 85 Le
602 1739 246 85 Phlégeton,
795 1739 193 85 rivière
936 1739 105 85 de
988 1739 158 85 sang,
1094 1739 158 85 tombe
1182 1739 70 85 de

494 1820 109 50 la
548 1820 163 50 terre
657 1820 145 50 dans
747 1820 217 50 l’Enfer,
910 1820 199 50 roulant
1055 1820 127 50 les
1109 1820 145 50 images

496 1857 132 82 des
572 1857 264 82 meurtriers
760 1857 207 82 célèbres.
