1556 2286
759 215 165 82 40
814 215 83 82 —

396 288 256 86 581
597 288 110 86 Le
652 288 238 86 Phlégeton
835 288 165 86 forme
945 288 128 86 des
1018 288 146 86 lacs
1110 288 110 86 de
1165 288 146 86 sang
1238 288 73 86 où

550 359 316 62 s’enfoncent
803 359 148 62 les
887 359 232 62 damnés,
1056 359 169 62 ceux
1161 359 148 62 qui
1225 359 84 62 en

551 398 214 85 sortent
706 398 156 85 sont
804 398 195 85 percés
940 398 117 85 de
998 398 214 85 flèches
1154 398 136 85 par
1213 398 97 85 les

527 450 245 53 Centaures.

395 504 242 68 582
585 504 121 68 Les
654 504 173 68 Géants
774 504 293 68 personnifiant
1016 504 104 68 la
1068 504 155 68 force
1154 504 155 68 brutale

546 566 156 65 sont
644 566 215 65 emmurés
800 566 98 65 à
839 566 234 65 mi-corps
1015 566 156 65 dans
1113 566 137 65 des
1171 566 137 65 puits

523 598 214 59 rocheux.

390 669 243 78 583
580 669 104 78 Le
633 669 156 78 géant
737 669 226 78 Ephialte,
910 669 226 78 enchaîné,
1084 669 139 78 fait
1153 669 156 78 crouler

543 718 119 75 la
603 718 237 75 montagne
780 718 119 75 en
840 718 119 75 se
879 718 237 75 retournant

706 795 194 72 SALLE
813 795 86 72 IV

390 861 242 64 584
580 861 121 64 Les
649 861 207 64 traîtres
805 861 138 64 sont
891 861 225 64 ensevelis
1064 861 138 64 dans
1150 861 121 64 les
1202 861 104 64 gla

541 912 171 72 ciers
655 912 114 72 du
693 912 171 72 Cocyte.

387 963 256 88 585
588 963 183 88 Ugolin
716 963 165 88 ronge
826 963 110 88 le
881 963 165 88 crâne
991 963 110 88 de
1046 963 238 88 Ruggieri,
1210 963 92 88 son

540 1026 202 70 ancien
661 1026 222 70 complice.

384 1088 219 67 586
556 1088 156 67 Glaces
650 1088 203 67 flottantes.

387 1149 225 83 587
563 1149 208 83 Portiques
708 1149 144 83 glacés.

549 1235 307 68 (ESQUISSES)
794 1235 102 68 —
835 1235 184 68 SALLE
937 1235 102 68 III

385 1284 242 89 588
575 1284 155 89 Dante
678 1284 104 89 et
730 1284 190 89 Virgile
868 1284 225 89 pénêtrent
1041 1284 138 89 dans
1127 1284 104 89 le
1162 1284 138 89 vesti

537 1360 161 70 bule
637 1360 241 70 infernal
818 1360 120 70 et
878 1360 100 70 y
918 1360 241 70 abordent
1099 1360 120 70 le
1139 1360 161 70 groupe

538 1404 135 63 des
615 1404 193 63 poètes
731 1404 212 63 antiques.

380 1463 257 65 589
582 1463 129 65 Les
655 1463 220 65 Coléreux
820 1463 110 65 se
876 1463 202 65 battent
1022 1463 165 65 parmi
1133 1463 129 65 les
1188 1463 110 65 eaux

536 1520 248 58 fangeuses
727 1520 115 58 du
784 1520 153 58 Styx
880 1520 115 58 et
937 1520 153 58 dans
1033 1520 134 58 des
1090 1520 210 58 ruisseaux

538 1562 165 63 d’eau
629 1562 238 63 bouillante.

380 1622 243 71 590
570 1622 121 71 Les
640 1622 347 71 Concussionnaires
935 1622 139 71 sont
1021 1622 243 71 précipités
1195 1622 104 71 dans

537 1679 109 58 la
591 1679 145 58 poix
664 1679 235 58 bouillante.

376 1729 258 71 591
578 1729 111 71 Un
634 1729 166 71 démon
745 1729 258 71 conduisant
947 1729 129 71 des
1021 1729 203 71 diables
1150 1729 148 71 essaye

534 1791 117 64 de
593 1791 255 64 repousser
789 1791 215 64 Viigile
946 1791 117 64 et
1004 1791 176 64 Dante
1122 1791 137 64 qui
1181 1791 117 64 veu-

532 1835 170 79 lent
638 1835 255 79 pénétrer
829 1835 170 79 dans
936 1835 128 79 un
999 1835 234 79 nouveau
1148 1835 149 79 cycle

520 1882 198 71 infernal.
