1544 2280
610 205 135 77 —
637 205 108 77 41

285 258 261 105 592
491 258 131 105 Les
565 258 280 105 Faussaires:
789 258 187 105 Maître
920 258 149 105 Adam
994 258 224 105 l’hydropi

457 347 152 72 que,
552 347 114 72 et
609 347 171 72 Simon
723 347 114 72 le
780 347 152 72 rusé
874 347 209 72 troyen,
1007 347 209 72 échangent

457 388 132 76 des
533 388 208 76 injures
684 388 113 76 et
740 388 132 76 des
797 388 151 76 coups.

298 461 247 57 593
492 461 176 57 Antée,
616 461 159 57 géant
721 461 176 57 libre,
845 461 176 57 reçoit
968 461 141 57 dans
1056 461 123 57 ses
1109 461 106 57 bras

453 509 215 68 Virgile
610 509 117 68 et
669 509 176 68 Dante
786 509 117 68 et
845 509 137 68 les
923 509 196 68 dépose
1060 509 137 68 sur
1119 509 98 68 les

455 554 228 63 glaciers
626 554 114 63 du
664 554 171 63 Cocyte.

298 602 257 100 594
500 602 165 100 Dante
610 602 110 100 et
665 602 202 100 Virgile
812 602 239 100 remontent
996 602 147 100 pour
1070 602 147 100 sortir

457 659 108 71 de
493 659 180 71 l’Enfer.

298 739 247 53 595
492 739 159 53 Dante
598 739 106 53 et
651 739 141 53 Virg
739 739 106 53 le
792 739 106 53 se
845 739 247 53 retrouvent
1039 739 123 53 sur
1092 739 123 53 terre

455 790 106 50 au
508 790 158 50 clair
614 790 106 50 de
667 790 141 50 lune
755 790 106 50 et
807 790 176 50 voient
930 790 106 50 au
983 790 141 50 loin
1071 790 106 50 la
1106 790 106 50 mon-

457 838 174 63 tagne
573 838 116 63 du
611 838 252 63 Purgatoire.

205 934 196 76 LEMMEN
343 934 275 76 (Georges).
559 934 98 76 —
598 934 157 76 222,
696 934 137 76 rue
774 934 196 76 Verte,
912 934 98 76 à
951 934 255 76 Bruxelles
1128 934 78 76 N.

224 996 245 69 (Belgique).

275 1076 219 68 *596
450 1076 131 68 Jeune
523 1076 117 68 fille.

284 1123 245 84 597
476 1123 157 84 Petit
581 1123 175 84 enfant
703 1123 140 84 dans
790 1123 122 84 son
860 1123 210 84 berceau.
1000 1123 210 84 Appartient

452 1190 99 54 à
492 1190 138 54 Mme
551 1190 79 54 L.

272 1223 246 67 *598
452 1223 180 67 Endormie.

265 1263 275 98 *599
485 1263 165 98 Femme
595 1263 257 98 garnissant
796 1263 128 98 des
851 1263 202 98 chapeaux.

268 1327 230 56 *600
436 1327 153 56 Lecture.

266 1366 249 71 *601
465 1366 166 71 Jeunes
581 1366 166 71 filles
697 1366 99 71 au
747 1366 133 71 bord
830 1366 99 71 de
879 1366 99 71 la
913 1366 99 71 mer.

269 1406 255 92 *602
473 1406 153 92 Petit
575 1406 170 92 enfant
695 1406 170 92 jouant
814 1406 136 92 avec
899 1406 119 92 ses
950 1406 136 92 pieds.

265 1471 248 58 *603
464 1471 132 58 Dans
546 1471 116 58 les
596 1471 132 58 dunes.

266 1521 237 61 *604
440 1521 221 61 Coquelicots.

265 1570 236 79 *605
438 1570 220 79 Coquelicots.

194 1668 126 74 LE
257 1668 210 74 MONNIÉ
404 1668 274 74 (Berthe).
615 1668 105 74 —
657 1668 189 74 Plâce
783 1668 147 74 des
867 1668 210 74 Lices,
1015 1668 105 74 à
1036 1668 168 74 Rennes

218 1731 326 62 (Ille

279 1814 226 72 606
456 1814 129 72 Dans
537 1814 97 72 le
569 1814 113 72 parc.

277 1851 232 104 607
460 1851 99 104 Le
509 1851 166 104 moulin
625 1851 99 104 de
675 1851 133 104 Vern
742 1851 331 104 (Ille
