1556 2280
700 215 138 85 —
755 215 165 85 54
810 215 83 85 —

310 280 146 87 ROBY
401 280 255 87 (Gabriel).
602 280 91 87 —
638 280 128 87 32,
711 280 128 87 rue
784 280 109 87 de
839 280 255 87 l’Arbalète
1040 280 128 87 (5e
1094 280 128 87 arr.)

385 388 235 77 862
570 388 201 77 Portrait
721 388 101 77 de
771 388 117 77 mon
822 388 117 77 père.

299 517 418 85 ROCHEFOUCAULD
644 517 295 85 (Antoine
865 517 148 85 de
939 517 197 85 la).
1062 517 123 85 —
1111 517 172 85 19,
1185 517 123 85 rue

341 584 282 84 d’Offémont,
548 584 150 84 Paris.

371 677 251 80 *863
572 677 234 80 Feuillages
739 677 201 80 d’automne.

370 742 264 60 *864
582 742 106 60 En
634 742 141 60 été,
722 742 106 60 un
775 742 141 60 coin
863 742 106 60 de
916 742 176 60 plaine
1039 742 106 60 au
1092 742 176 60 soleil
1197 742 106 60 cou

523 790 165 56 chant.

370 834 248 65 *865
569 834 116 65 Les
635 834 182 65 rochers
750 834 149 65 rouges.

369 886 256 72 *866
574 886 171 72 Fermes
694 886 103 72 de
745 886 103 72 la
796 886 239 72 Grand’Cour
967 886 222 72 (Ménilles).

302 1013 235 89 ROUSSEAU
479 1013 235 89 (Henri).
655 1013 98 89 —
694 1013 137 89 36,
773 1013 137 89 rue
851 1013 255 89 Gassendi,
1027 1013 157 89 Paris.

370 1140 248 69 *867
568 1140 198 69 Mauvaise
700 1140 182 69 surprise.

368 1201 250 57 *868
568 1201 100 57 Au
601 1201 200 57 printemps.

384 1244 226 58 869
561 1244 193 58 Portrait
706 1244 97 58 de
754 1244 97 58 M.
787 1244 64 58 M.

368 1292 255 66 *870
572 1292 153 66 Route
674 1292 170 66 allant
792 1292 102 66 au
843 1292 136 66 fort
928 1292 102 66 de
962 1292 204 66 Vincennes.

368 1337 248 65 *871
567 1337 116 65 Lac
633 1337 215 65 Daumesnil
798 1337 165 65 (effet
897 1337 182 65 d’orage).

368 1391 256 52 *872
573 1391 120 52 Lac
641 1391 222 52 Daumesnil
812 1391 205 52 (coucher
966 1391 103 52 de
1000 1391 171 52 soleil).

363 1442 267 65 *873
576 1442 124 65 Vue
648 1442 107 65 du
701 1442 142 65 bois
790 1442 107 65 de
843 1442 249 65 Vincennes,
1038 1442 89 65 à
1074 1442 178 65 droite
1198 1442 107 65 de
1234 1442 71 65 la

542 1488 167 65 route
654 1488 111 65 de
691 1488 148 65 Paris.

296 1626 379 80 ROUSSEL-MASURE
612 1626 253 80 (Henri).
801 1626 105 80 —
843 1626 126 80 6,
906 1626 147 80 rue
970 1626 210 80 Poussin.

374 1729 219 59 874
546 1729 141 59 Scène
624 1729 219 59 d’intérieur.

373 1777 232 65 875
556 1777 182 65 Rochers
671 1777 166 65 bretons.

375 1831 232 51 876
557 1831 116 51 Rue
624 1831 83 51 à
640 1831 182 51 Boulogne.

374 1879 218 75 877
546 1879 125 75 Bord
624 1879 94 75 de
655 1879 156 75 rivière.
