1544 2268
636 185 136 73 —
690 185 163 73 57
745 185 82 73 —

229 266 199 66 SERMET
368 266 259 66 (Robert).
567 266 100 66 —
607 266 139 66 22,
687 266 139 66 rue
767 266 239 66 Vernier,
926 266 159 66 Paris.

312 350 232 65 910
495 350 100 65 Le
545 350 133 65 port
628 350 100 65 de
678 350 232 65 Saint-Paul
860 350 83 65 à
877 350 116 65 midi.

309 410 233 64 911
492 410 133 64 Sous
576 410 100 64 le
625 410 133 64 pont
709 410 116 64 des
759 410 116 64 Arts.

311 457 221 67 912
485 457 142 67 Etude
579 457 95 67 de
611 457 158 67 reflets.

228 560 223 105 SÉRUSIER
396 560 205 105 (Paul).
545 560 93 105 —
582 560 130 105 25,
656 560 167 105 villa
768 560 223 105 Chaptal,
935 560 93 105 à
954 560 223 105 Levallois.

319 656 229 84 913
499 656 147 84 Pluie
581 656 196 84 d’automne.

316 729 211 60 914
481 729 120 60 Blés
542 729 120 60 noirs.

315 779 222 62 915
490 779 206 62 Bretonnes
649 779 79 62 à
664 779 175 62 l’église.

316 826 202 56 916
460 826 86 56 Eve.

314 874 216 59 917
468 874 232 59 Conciliabule.

311 923 240 62 918
499 923 137 62 Anne
585 923 103 62 de
619 923 189 62 Bretagne.

312 971 213 70 919
479 971 121 70 Blés
540 971 121 70 noirs.

219 1089 189 76 SIDOLI
352 1089 284 76 (Pacifico).
579 1089 95 76 —
617 1089 133 76 44,
692 1089 133 76 rue
768 1089 246 76 Mazarine,
939 1089 151 76 Paris.

300 1185 236 66 *920
474 1185 221 66 Malicieuses.

314 1242 230 56 921
495 1242 198 56 Portrait
643 1242 99 56 de
692 1242 115 56 Mme
758 1242 99 56 X.
791 1242 181 56 (pastel).

298 1294 248 67 *922
497 1294 198 67 Paysanne
645 1294 149 67 (Nord
728 1294 165 67 Italie).

298 1342 251 62 *923
499 1342 184 62 Moutons
617 1342 235 62 (aquarelle):

298 1387 251 70 *924
499 1387 218 70 Ramoneurs
650 1387 184 70 italiens.

217 1507 194 77 SIGNAC
353 1507 214 77 (Paul).
508 1507 97 77 —
547 1507 136 77 16,
625 1507 136 77 rue
703 1507 292 77 Lafontaine,
916 1507 156 77 Paris.

296 1606 265 71 923
504 1606 113 71 Le
561 1606 283 71 démolisseur
787 1606 227 71 (panneau
957 1606 151 71 pour
1052 1606 132 71 une
1109 1606 113 71 Mai-

473 1661 141 59 son
553 1661 121 59 du
594 1661 201 59 Peuple).

298 1711 255 61 926
498 1711 182 61 Projet
625 1711 127 61 non
698 1711 182 61 retenu
825 1711 145 61 pour
916 1711 109 61 la
970 1711 255 61 décoration
1152 1711 73 61 de

466 1758 109 61 la
520 1758 182 61 mairie
630 1758 237 61 d’Asnières.

301 1810 232 50 927
484 1810 116 50 Les
550 1810 182 50 régates
683 1810 100 50 de
716 1810 199 50 Marseille.

300 1850 231 71 928
482 1850 132 71 Port
565 1850 99 71 de
598 1850 248 71 Saint
