1556 2256
710 159 137 80 —
764 159 164 80 58
819 159 82 80 —

388 218 232 81 929
571 218 133 81 Pins
654 218 199 81 parasols
786 218 282 81 (Saint

385 299 239 57 930
573 299 205 57 Notation
726 299 85 57 à
760 299 256 57 l’aquarelle
965 299 171 57 Samois
1067 299 222 57 (S.

388 343 234 77 931
572 343 201 77 Notation
723 343 84 77 à
757 343 268 77 l’aquarelle,
974 343 268 77 Saint-Tropez
1175 343 134 77 (Var).

298 454 315 82 SILBERSTEIN
550 454 294 82 (Jacques).
781 454 105 82 —
824 454 357 82 Bœurs-en-Othe
1097 454 210 82 (Yonne).

389 548 243 97 932
580 548 104 97 La
632 548 139 97 mort
719 548 104 97 du
771 548 226 97 capitaine
927 548 191 97 Moulinay.

309 665 59 96 SINET
349 665 79 96 (André).
408 665 33 96 –
421 665 53 96 112,
454 665 85 96 boulevard
513 665 92 96 Malesherbes.

384 762 230 77 933
564 762 180 77 Actrice
695 762 98 77 se
728 762 213 77 maquillant.

382 833 233 61 934
565 833 100 61 Le
615 833 133 61 port
698 833 83 61 à
715 833 149 61 Dieppe.

377 879 306 66 935
618 879 153 66 Les
705 879 262 66 falaises
902 879 109 66 à
945 879 240 66 Dieppe.
1098 879 66 66 »

376 938 290 44 936
604 938 124 44 La
666 938 186 44 plage
790 938 124 44 et
852 938 124 44 le
914 938 207 44 Casino
1059 938 103 44 à
1080 938 186 44 Dieppe.

325 970 295 70 937
557 970 253 70 Portrait
746 970 126 70 de
810 970 126 70 M.
873 970 190 70 Franc
999 970 232 70 Nohain.

295 1026 264 71 938
503 1026 113 71 La
559 1026 170 71 place
673 1026 321 71 Saint-Pierre,
937 1026 94 71 à
956 1026 151 71 Dreux.

382 1072 216 73 939
551 1072 154 73 Poires
659 1072 93 73 au
690 1072 139 73 soleil.

380 1115 210 58 940
530 1115 120 58 Etude.

378 1169 229 58 941
558 1169 98 58 La
590 1169 164 58 becquée.

376 1215 251 76 942
573 1215 161 76 Femme
663 1215 179 76 couchée.

281 1315 271 120 TARCKOFF
485 1315 316 120 (Nicolas).
733 1315 113 120 —
778 1315 135 120 7,
846 1315 158 120 rue
936 1315 271 120 Belloni,
1139 1315 226 120 Paris.

369 1424 241 76 943
558 1424 224 76 Boulevard
731 1424 310 76 Saint-Germain,
972 1424 138 76 Paris.

363 1489 331 94 944
624 1489 308 94 Mi-carême
860 1489 166 94 sur
955 1489 166 94 les
1049 1489 355 94 boulevards.

367 1532 250 62 945
564 1532 107 62 Le
618 1532 233 62 lendemain
797 1532 107 62 de
832 1532 215 62 mi

355 1579 244 56 *946
550 1579 130 56 Port
632 1579 98 56 de
664 1579 163 56 Doullan.

352 1627 260 71 *947
560 1627 191 71 Récolte
698 1627 104 71 du
733 1627 156 71 goemon.

352 1674 235 61 *948
541 1674 141 61 Hiver
635 1674 78 61 à
650 1674 126 61 Paris.

350 1719 251 74 *949
551 1719 168 74 Grands
669 1719 235 74 boulevards
853 1719 101 74 le
887 1719 117 74 soir.

349 1773 238 60 *950
523 1773 143 60 Marché.

367 1821 209 70 951
516 1821 120 70 Etude.
