1651 2940
527 82 541 132 CATALOGUE

103 242 234 99 DE
220 242 428 99 LETTRES
531 242 623 99 AUTOGRAPHES,
999 242 506 99 MANUSCRITS,

481 331 315 112 DOCUMENTS
737 331 315 112 HISTORIQUES,
974 331 177 112 ETC

169 433 711 150 D’AUGUSTE
677 433 761 150 LAVERDET

399 584 162 97 A
492 584 232 97 Paris,
654 584 162 97 rue
747 584 394 97 Saint-Lazare,
1048 584 186 97 24

595 783 206 76 Vente
750 783 86 76 à
767 783 275 76 l’amiable,

371 833 218 67 soit
529 833 138 67 par
609 833 297 67 l’insertion
846 833 158 67 dans
945 833 119 67 le
984 833 277 67 bulletin

195 874 220 96 soit
355 874 140 96 aux
435 874 240 96 enchères
615 874 280 96 publiques,
836 874 120 96 de
896 874 300 96 Collections
1136 874 120 96 ou
1176 874 260 96 parties

373 941 174 85 de
489 941 290 85 Collections
721 941 116 85 de
779 941 213 85 Lettres
914 941 348 85 autographes,

523 991 313 60 Documents
758 991 353 60 historiques,

566 1026 343 60 Manuscrits,
852 1026 172 60 etc.,
948 1026 114 60 etc.

131 1068 283 69 Achats.
353 1068 101 69 —
394 1068 263 69 Échanges.
596 1068 101 69 —
636 1068 303 69 Expertises.
879 1068 101 69 —
920 1068 263 69 Rédaction
1122 1068 121 69 de
1162 1068 324 69 Catalogues

404 1218 231 106 N°
558 1218 180 106 18.
661 1218 128 106 —
712 1218 334 106 SEPTEMBRE
944 1218 282 106 1858.

83 1398 178 77 3177.
202 1398 375 77 Abrantès
517 1398 158 77 (Mme
616 1398 118 77 la
675 1398 237 77 duchesse
853 1398 158 77 d'),
951 1398 197 77 auteur
1089 1398 118 77 de
1148 1398 375 77 Mémoires
1444 1398 99 77 sur

124 1451 335 57 l’Empire.
382 1451 155 57 L.
459 1451 206 57 aut.
588 1451 232 57 sig.,
742 1451 129 57 à
794 1451 206 57 M...
923 1451 129 57 3
974 1451 180 57 gr.
1077 1451 155 57 p.
1155 1451 180 57 pl.
1258 1451 232 57 in-4.
1412 1451 155 57 30
1464 1451 77 57 »

176 1498 134 70 Au
243 1498 201 70 sujet
377 1498 201 70 d’une
510 1498 201 70 somme
644 1498 134 70 de
711 1498 223 70 40,000
867 1498 156 70 fr.
957 1498 179 70 pour
1068 1498 268 70 laquelle
1269 1498 179 70 elle
1358 1498 179 70 estren

126 1555 215 66 procès
277 1555 129 66 en
342 1555 172 66 Cour
449 1555 129 66 de
514 1555 280 66 Cassation
729 1555 172 66 pour
837 1555 151 66 son
901 1555 151 66 fils.

81 1573 175 93 3178.
197 1573 351 93 Adelung
489 1573 292 93 (Frédéric),
723 1573 195 93 savant
859 1573 292 93 philologue.
1093 1573 117 93 L.
1152 1573 156 93 aut.
1249 1573 156 93 sig.
1346 1573 136 93 (en
1405 1573 136 93 alle

125 1654 244 57 mand),
295 1654 122 57 à
344 1654 219 57 M....
490 1654 536 57 Saint-Pétersbourg,
953 1654 146 57 10
1026 1654 292 57 décembre
1245 1654 219 57 1828.
1391 1654 122 57 2
1415 1654 122 57 gr.

33 1692 694 64 p.
380 1692 1041 64 in-4.
1074 1692 578 64 5
1190 1692 347 64 »

76 1716 200 93 3179.
209 1716 444 93 Aiguillon
586 1716 622 93 (Marie-Madeleine-Thérèse
1141 1716 133 93 de
1208 1716 289 93 Vignerod,
1408 1716 133 93 du

126 1789 228 55 chesse
286 1789 182 55 d’).
399 1789 182 55 Acte
513 1789 273 55 notarié,
718 1789 182 55 sig.
832 1789 137 55 30
900 1789 159 55 mai
992 1789 205 55 1688.
1128 1789 114 55 1
1174 1789 137 55 p.
1242 1789 250 55 in-fol.
1424 1789 114 55 2
1447 1789 91 55 50

78 1835 190 79 3180.
205 1835 359 79 Amoros
500 1835 148 79 (le
585 1835 232 79 colonel
754 1835 148 79 don
838 1835 317 79 Francisco),
1092 1835 275 79 fondateur
1303 1835 127 79 de
1366 1835 127 79 la
1408 1835 127 79 gym-

125 1895 264 52 nastique
323 1895 132 52 en
389 1895 242 52 France.
565 1895 132 52 L.
631 1895 176 52 aut.
741 1895 198 52 sig.,
874 1895 110 52 à
918 1895 132 52 M.
984 1895 242 52 Oudard,
1160 1895 308 52 secrétaire
1402 1895 132 52 de
1446 1895 88 52 la

126 1930 192 56 reine
253 1930 149 56 des
339 1930 277 56 Français.
552 1930 213 56 Paris,
701 1930 106 56 5
743 1930 170 56 juin
850 1930 192 56 1833.
977 1930 106 56 3
1020 1930 149 56 gr.
1105 1930 128 56 p.
1169 1930 192 56 in-4.
1297 1930 106 56 —
1339 1930 192 56 Plus,
1446 1930 85 56 un

126 1981 207 53 billet
271 1981 124 53 de
334 1981 104 53 3
375 1981 207 53 lignes
520 1981 166 53 aut.
624 1981 124 53 de
686 1981 124 53 la
748 1981 207 53 Reine,
893 1981 124 53 et
956 1981 124 53 la
1018 1981 187 53 copie
1142 1981 270 53 certifiée
1329 1981 207 53 conforme

124 2033 189 63 d’une
250 2033 210 63 lettre
398 2033 126 63 de
461 2033 126 63 M.
524 2033 210 63 Thiers
671 2033 105 63 à
713 2033 147 63 lui
797 2033 274 63 adressée.
1008 2033 253 63 Portrait
1197 2033 189 63 gravé
1324 2033 189 63 in-4.
1450 2033 105 63 6
1471 2033 63 63 »

172 2077 241 56 Demande
347 2077 197 56 d’une
479 2077 307 56 subvention
720 2077 132 56 de
786 2077 132 56 la
852 2077 197 56 liste
983 2077 219 56 civile
1136 2077 175 56 pour
1246 2077 153 56 son
1312 2077 219 56 gymnase.

78 2113 187 84 3181.
203 2113 395 84 Ancelot,
535 2113 333 84 littérateur,
806 2113 208 84 membre
951 2113 125 84 de
1013 2113 291 84 l’Académie
1242 2113 291 84 Française.
1450 2113 83 84 L.

125 2168 161 65 aut.
225 2168 181 65 sig.,
346 2168 121 65 au
407 2168 262 65 iinistre.
608 2168 201 65 Paris,
748 2168 121 65 12
809 2168 221 65 février
970 2168 181 65 1829.
1090 2168 101 65 1
1131 2168 141 65 gr.
1211 2168 121 65 p.
1271 2168 221 65 in-fol.
1432 2168 121 65 5.
1473 2168 60 65 »

172 2215 234 69 Demande
342 2215 192 69 d’une
470 2215 234 69 pension
640 2215 320 69 littéraire,
896 2215 128 69 ne
960 2215 256 69 fût-elle
1152 2215 149 69 que
1237 2215 128 69 de
1301 2215 149 69 509
1365 2215 107 69 fr.

77 2256 184 79 3182.
199 2256 348 79 Anders
486 2256 246 79 (G.-E.),
671 2256 328 79 littérateur,
937 2256 287 79 philologue
1162 2256 266 79 allemand.
1367 2256 123 79 L.
1408 2256 123 79 aut.

123 2316 176 58 sig.
233 2316 154 58 (en
321 2316 308 58 allemand),
563 2316 110 58 à
607 2316 132 58 M.
673 2316 242 58 Lûtgen.
850 2316 132 58 27
916 2316 198 58 sept.
1048 2316 198 58 1845.
1180 2316 110 58 1
1224 2316 132 58 p.
1290 2316 198 58 in-8.
1422 2316 132 58 2.
1466 2316 66 58 »

76 2353 187 80 3183.
201 2353 604 80 Anquetil-buperron,
743 2353 229 80 célèbre
909 2353 354 80 orientaliste,
1201 2353 187 80 frère
1326 2353 125 80 de
1367 2353 167 80 l’his

127 2421 224 64 torien.
289 2421 122 64 L.
350 2421 163 64 aut.
452 2421 183 64 sig.,
574 2421 122 64 au
635 2421 305 64 ministre...
879 2421 203 64 Paris,
1022 2421 142 64 1er
1103 2421 183 64 avril
1225 2421 183 64 1780.
1347 2421 102 64 4
1388 2421 122 64 p.
1428 2421 102 64 pl.

37 2460 961 67 in-4.
785 2460 534 67 1
998 2460 534 67 7
1105 2460 427 67 50

170 2505 213 56 Lettre
319 2505 341 56 intéressante
596 2505 128 56 au
660 2505 192 56 sujet
788 2505 149 56 des
873 2505 320 56 reclamauons
1129 2505 128 56 de
1193 2505 149 56 son
1278 2505 213 56 frère,
1406 2505 128 56 con-

123 2554 147 64 sul
207 2554 105 64 à
249 2554 273 64 Surate...
459 2554 126 64 Il
522 2554 168 64 ose,
627 2554 189 64 parce
753 2554 189 64 qu’il
879 2554 147 64 est
963 2554 252 64 question
1152 2554 126 64 de
1215 2554 147 64 son
1299 2554 210 64 frère,
1425 2554 105 64 lui

125 2612 306 63 représenter
369 2612 143 63 que
451 2612 183 63 c’est
573 2612 265 63 peut-être
776 2612 122 63 le
838 2612 183 63 temps
960 2612 285 63 d’éclairer
1184 2612 122 63 le
1245 2612 265 63 ministère
1428 2612 102 63 an-

121 2660 208 64 glais
260 2660 162 64 sur
352 2660 139 64 le
421 2660 324 64 despotisme
676 2660 162 64 que
768 2660 139 64 la
838 2660 301 64 Compagnie
1069 2660 231 64 exerce
1230 2660 185 64 dans
1323 2660 208 64 l’Inde.

124 2716 151 46 «Ne
211 2716 281 46 respecter
427 2716 130 46 ni
492 2716 195 46 droit
622 2716 151 46 des
708 2716 195 46 gens,
838 2716 130 46 ni
903 2716 303 46 propriété,
1141 2716 216 46 violer
1292 2716 173 46 sans
1379 2716 151 46 scru-

127 2743 97 95 2
165 2743 175 95 pules
282 2743 97 95 à
321 2743 117 95 la
379 2743 156 95 face
477 2743 117 95 de
535 2743 272 95 l’univers,
749 2743 136 95 les
827 2743 156 95 lois
924 2743 117 95 de
982 2743 117 95 la
1041 2743 233 95 justice,
1216 2743 117 95 de
1255 2743 272 95 l’huinanité,
