1630 2937
689 70 162 89 268

72 161 195 68 3327.
202 161 303 68 Laville
441 161 130 68 de
506 161 368 68 Miremont,
809 161 217 68 auteur
961 161 325 68 dramatique.
1221 161 130 68 L.
1286 161 173 68 aut.
1372 161 152 68 sig.,

116 221 119 51 à
164 221 167 51 Mme
259 221 286 51 Paradol.
474 221 238 51 Paris,
641 221 143 51 22
712 221 262 51 janvier
903 221 215 51 1830.
1046 221 119 51 1
1094 221 143 51 p.
1165 221 167 51 pl.
1261 221 215 51 in-8.
1404 221 119 51 3
1428 221 95 51 50

169 270 123 58 Il
231 270 144 58 lui
313 270 103 58 a
354 270 144 58 été
436 270 287 58 impossible
662 270 226 58 d’aller
826 270 103 58 à
867 270 123 58 la
928 270 226 58 Comédie
1092 270 267 58 Française
1297 270 123 58 le
1359 270 164 58 jour
1441 270 82 58 où

120 319 173 58 elle
228 319 108 58 a
272 319 173 58 joué
380 319 281 58 Hamlet...
596 319 216 58 Samedi
747 319 130 58 ou
812 319 259 58 dimanche
1006 319 130 58 il
1071 319 151 58 est
1158 319 108 58 à
1201 319 151 58 ses
1287 319 216 58 ordres
1417 319 108 58 de-

117 363 168 60 puis
222 363 126 60 le
285 363 189 60 point
411 363 126 60 du
474 363 168 60 jour
579 363 231 60 jusqu’à
747 363 105 60 5
789 363 231 60 heures;
958 363 126 60 il
1021 363 147 60 lui
1105 363 168 60 fera
1210 363 231 60 répéter
1357 363 168 60 madâme

119 414 219 60 Thésée
273 414 219 60 autant
426 414 241 60 qu’elle
602 414 241 60 voudra,
777 414 263 60 «quoique
975 414 132 60 se
1040 414 241 60 trouver
1216 414 175 60 seul
1326 414 175 60 avec
1413 414 110 60 une

120 461 115 62 «
166 461 322 62 belle-mère
419 461 138 62 de
488 461 207 62 votre
626 461 230 62 espèce
787 461 230 62 puisse
949 461 207 62 faire
1087 461 207 62 venir
1225 461 138 62 de
1271 461 253 62 coupables

121 507 117 67 »
167 507 327 67 pensées...
401 507 70 67 »

74 544 179 76 3328.
193 544 358 76 Leclerc
491 544 397 76 (Joseph-Victor),
829 544 199 76 savant
968 544 298 76 helléniste.
1206 544 119 76 L.
1266 544 159 76 aut.
1365 544 179 76 sig.,
1464 544 60 76 à

119 607 164 48 son
212 607 234 48 ami...
376 607 234 48 Paris,
540 607 141 48 31
611 607 258 48 juillet
798 607 211 48 1837.
939 607 117 48 1
986 607 141 48 p.
1056 607 211 48 in-8.
1197 607 305 48 Curieuse.
1431 607 117 48 2
1455 607 70 48 »

70 648 196 70 3229.
201 648 391 70 Leclerc
527 648 478 70 (Michel-Théodore),
939 648 217 70 auteur
1091 648 130 70 de
1157 648 282 70 proverbes
1352 648 174 70 drama-

119 700 281 58 tiques.
324 700 256 58 Billet
503 700 204 58 aut.
631 700 204 58 sig.
758 700 153 58 14
835 700 230 58 juin.
988 700 332 58 Demi-page
1244 700 230 58 in-8.
1397 700 128 58 1
1423 700 102 58 50

74 741 172 66 3330.
188 741 343 66 Leclerc
475 741 172 66 (A.),
589 741 286 66 architecte.
818 741 114 66 L.
875 741 153 66 aut.
971 741 172 66 sig.,
1085 741 95 66 à
1123 741 114 66 M.
1181 741 229 66 Blondel,
1333 741 191 66 peintre,

118 801 256 53 membre
297 801 153 53 de
374 801 384 53 liInstitut.
681 801 153 53 Ce
758 801 332 53 dimanche.
1014 801 128 53 1
1065 801 153 53 p.
1141 801 179 53 pl.
1244 801 230 53 in-8.
1397 801 128 53 2
1423 801 102 53 50

169 844 178 58 Jolie
288 844 198 58 lettre
426 844 119 58 au
486 844 178 58 sujet
604 844 119 58 de
664 844 297 58 discussions
901 844 336 58 scientifiques
1178 844 99 58 à
1198 844 257 58 l’Institut.

73 889 181 69 3331.
194 889 362 69 Leglay,
496 889 282 69 historien,
717 889 262 69 directeur
918 889 141 69 des
999 889 242 69 archives
1180 889 121 69 de
1240 889 221 69 Flandre
1401 889 121 69 et
1441 889 81 69 du

119 939 330 55 département
383 939 132 55 du
449 939 198 55 Nord.
580 939 220 55 Lille,
734 939 132 55 25
800 939 242 55 octobre
976 939 198 55 1843.
1108 939 110 55 4
1152 939 132 55 p.
1217 939 154 55 pl.
1305 939 198 55 in-8.
1437 939 110 55 3
1459 939 66 55 »

167 988 125 57 Au
230 988 188 57 sujet
355 988 146 57 des
439 988 292 57 manuscrits
668 988 125 57 de
731 988 125 57 M.
793 988 209 57 Fidèle
940 988 271 57 Delcroix,
1148 988 146 57 son
1232 988 167 57 ami,
1336 988 125 57 et
1399 988 125 57 de
1441 988 84 57 la

120 1035 217 53 notice
272 1035 195 53 qu’il
402 1035 217 53 rédige
554 1035 130 53 en
619 1035 130 53 ce
684 1035 217 53 moment
836 1035 152 53 sur
901 1035 173 53 lui...

72 1075 195 72 3332.
202 1075 434 72 Lemonnier
571 1075 391 72 (Pierre-René),
897 1075 325 72 littérateur
1157 1075 130 72 et
1222 1075 217 72 auteur
1352 1075 174 72 drama

124 1132 212 52 tique.
272 1132 127 52 L.
336 1132 170 52 aut.
442 1132 170 52 sig.
549 1132 212 52 (prose
697 1132 127 52 et
761 1132 212 52 vers),
910 1132 106 52 à
952 1132 234 52 Laujon.
1122 1132 127 52 21
1186 1132 170 52 mars
1292 1132 191 52 1766.
1420 1132 106 52 1
1441 1132 85 52 p.

41 1183 694 58 pl.
437 1183 892 58 in-4.
1032 1183 496 58 2
1131 1183 397 58 50

74 1222 187 61 3333.
199 1222 187 61 Le
323 1222 207 61 Prévôt
468 1222 290 61 d’Iray
696 1222 145 61 (le
779 1222 228 61 vicomte
945 1222 456 61 Christian-Siméon),
1319 1222 207 61 littéra

122 1276 203 53 teur,
258 1276 339 53 chansonnier
529 1276 136 53 et
597 1276 226 53 auteur
755 1276 339 53 dramatique,
1026 1276 226 53 membre
1184 1276 136 53 de
1229 1276 294 53 l’Institut.

124 1325 191 61 Le
251 1325 362 61 Paravent
549 1325 234 61 chanson
719 1325 170 61 aut.
826 1325 170 61 sig.
932 1325 106 61 3
975 1325 128 61 p.
1039 1325 149 61 pl.
1124 1325 128 61 et
1188 1325 191 61 quart
1315 1325 191 61 in-8.
1443 1325 106 61 6
1464 1325 64 61 »

74 1368 179 55 3334.
193 1368 398 55 Letronne,
532 1368 298 55 helléniste,
770 1368 199 55 membre
909 1368 119 55 de
969 1368 298 55 l’Institut.
1208 1368 119 55 L.
1267 1368 159 55 aut.
1367 1368 179 55 sig.,
1466 1368 60 55 à

112 1425 221 50 son
238 1425 472 50 confrère...
616 1425 189 50 26
710 1425 221 50 mai
836 1425 284 50 1837.
1025 1425 158 50 1
1088 1425 189 50 p.
1183 1425 284 50 in-8.
1372 1425 158 50 1
1403 1425 126 50 50

77 1470 165 56 3335.
187 1470 367 56 Lingendes
499 1470 165 56 (Jean
609 1470 147 56 de),
700 1470 183 56 poëte,
829 1470 110 56 né
884 1470 92 56 à
921 1470 330 56 Moulins
1196 1470 220 56 (Allier)
1361 1470 110 56 en
1398 1470 128 56 1580.

122 1515 154 55 Mort
218 1515 116 55 en
276 1515 173 55 cette
391 1515 173 55 ville
507 1515 116 55 le
564 1515 116 55 16
622 1515 173 55 avril
738 1515 173 55 1616.
853 1515 173 55 Ad
969 1515 173 55 manes
1084 1515 212 55 virorum
1219 1515 308 55 illustrium

123 1564 293 59 Clarissi
358 1564 117 59 V.
416 1564 215 59 Scævolæ
572 1564 293 59 Sammarthani
807 1564 195 59 dictos
943 1564 351 59 elogiis..
1236 1564 176 59 Belle
1353 1564 176 59 pièce
1451 1564 78 59 de

115 1612 226 55 vers
256 1612 226 55 aut.
398 1612 226 55 sig.
539 1612 141 55 3
596 1612 198 55 gr.
709 1612 170 55 p.
794 1612 198 55 pl.
907 1612 170 55 et
992 1612 255 55 demie
1161 1612 311 55 in-fol.
1388 1612 170 55 20
1444 1612 85 55 »

75 1652 182 63 3336.
196 1652 242 63 Louis
378 1652 242 63 XIV,
560 1652 141 63 roi
640 1652 121 63 de
701 1652 222 63 France.
862 1652 263 63 Provision
1064 1652 121 63 de
1125 1652 263 63 chevalier
1327 1652 121 63 de
1367 1652 162 63 Saint

121 1710 198 53 Louis
253 1710 176 53 pour
363 1710 132 53 le
429 1710 198 53 sieur
562 1710 132 53 Du
628 1710 198 53 Bois,
760 1710 286 53 ci-devant
980 1710 286 53 capitaine
1201 1710 132 53 au
1267 1710 264 53 régiment
1443 1710 88 53 de

119 1759 319 53 Champagne,
370 1759 274 53 huissier
576 1759 137 53 de
644 1759 137 53 la
712 1759 251 53 chambre
895 1759 137 53 du
964 1759 183 53 Roi.
1078 1759 183 53 Sig.
1192 1759 160 53 par
1283 1759 137 53 le
1351 1759 183 53 roi,
1443 1759 91 53 et

120 1813 314 55 contresig.
366 1813 157 55 par
456 1813 135 55 M.
523 1813 135 55 de
590 1813 336 55 Chamillart.
859 1813 336 55 Versailles,
1128 1813 112 55 5
1173 1813 179 55 mars
1285 1813 202 55 1704.
1397 1813 135 55 (Sur

55 1860 1384 53 parchemin).
1162 1860 461 53 4
1254 1860 277 53 »

75 1896 187 66 3337.
200 1896 333 66 Lowe,
470 1896 229 66 premier
637 1896 270 66 tragédien
845 1896 125 66 de
907 1896 333 66 l’Allemagne.
1177 1896 125 66 L.
1240 1896 166 66 aut.
1344 1896 166 66 sig.
1427 1896 104 66 (en

119 1952 353 59 allemand).
396 1952 126 59 9
447 1952 177 59 mai
548 1952 227 59 1834.
699 1952 126 59 2
750 1952 151 59 p.
825 1952 177 59 pl.
926 1952 227 59 in-8.
1078 1952 227 59 Jolie
1229 1952 278 59 lettre.
1431 1952 126 59 6
1456 1952 76 59 »

77 1992 182 78 3338.
198 1992 425 78 Luxembourg
562 1992 142 78 (le
643 1992 142 78 duc
724 1992 162 78 de).
825 1992 121 78 L.
886 1992 162 78 aut.
987 1992 182 78 sig.,
1108 1992 101 78 à
1149 1992 121 78 M.
1209 1992 121 78 de
1250 1992 283 78 Malesherbes.

103 2048 260 55 10
233 2048 477 55 juillet
580 2048 390 55 1787.
840 2048 217 55 1
927 2048 260 55 p.
1057 2048 390 55 in-4.
1317 2048 217 55 2
1361 2048 174 55 50

76 2086 189 65 3339.
202 2086 442 65 Mac-Carthy
581 2086 231 65 (l’abbé
749 2086 231 65 Nicolas
918 2086 168 65 de),
1023 2086 231 65 célèbre
1191 2086 337 65 prédicateur.
1444 2086 84 65 L.

125 2142 168 56 aut.
230 2142 231 56 (signée
398 2142 168 56 dans
504 2142 126 56 le
567 2142 189 56 cours
693 2142 126 56 de
756 2142 126 56 la
819 2142 252 56 lettre),
1008 2142 126 56 au
1071 2142 147 56 duc
1155 2142 252 56 Matthieu
1345 2142 126 56 de
1387 2142 147 56 Mont-

124 2191 282 67 morency.
335 2191 305 67 Toulouse,
570 2191 141 67 10
640 2191 258 67 octobre
828 2191 211 67 1816.
969 2191 117 67 8
1016 2191 164 67 gr.
1110 2191 141 67 p.
1181 2191 164 67 pl.
1275 2191 211 67 in-4.
1416 2191 141 67 10
1463 2191 70 67 »

174 2242 188 57 Belle
300 2242 126 57 et
363 2242 335 57 intéressante
635 2242 230 57 lettre.
802 2242 293 57 Chaleureux
1033 2242 272 57 plaidoyer
1242 2242 126 57 en
1305 2242 209 57 faveur
1430 2242 105 57 des

127 2287 213 56 écoles
276 2287 341 56 chrétiennes.
553 2287 362 56 Inconvénients
852 2287 128 56 et
916 2287 235 56 dangers
1086 2287 149 56 des
1172 2287 213 56 écoles
1299 2287 235 56 mutuelles

130 2346 163 53 pour
232 2346 245 53 l’avenir
415 2346 183 53 moral
537 2346 122 53 et
598 2346 265 53 religieux
802 2346 122 53 de
863 2346 122 53 la
925 2346 265 53 jeunesse.
1128 2346 122 53 Si
1190 2346 143 53 ses
1271 2346 224 53 raisons
1414 2346 122 53 per-

126 2386 238 54 suadent
300 2386 152 54 son
386 2386 173 54 ami,
495 2386 152 54 qui
581 2386 173 54 fait
690 2386 217 54 partie
842 2386 130 54 du
907 2386 217 54 comité
1058 2386 130 54 de
1123 2386 130 54 ce
1188 2386 238 54 nouveau
1340 2386 195 54 système

128 2426 341 64 d’éducation,
405 2426 128 64 il
469 2426 128 64 le
533 2426 235 64 supplie
703 2426 128 64 de
767 2426 128 64 se
831 2426 235 64 séparer
1002 2426 171 64 avec
1109 2426 192 64 éclat
1236 2426 192 64 d’une
1343 2426 192 64 société

126 2477 171 62 qui,
232 2477 171 62 sous
339 2477 128 62 un
403 2477 214 62 masque
553 2477 128 62 de
617 2477 171 62 zèle
724 2477 385 62 philantropique
1045 2477 128 62 et
1109 2477 363 62 philosophique
1386 2477 150 62 reli-

125 2528 224 64 gieux,
281 2528 224 64 pourra
438 2528 179 64 leur
549 2528 201 64 faire
684 2528 134 64 un
751 2528 313 64 très-grand
974 2528 179 64 mal...

81 2575 184 66 3340.
203 2575 369 66 Magnan,
511 2575 246 66 maréchal
695 2575 123 66 de
757 2575 266 66 l’empire.
961 2575 123 66 L.
1023 2575 164 66 aut.
1125 2575 184 66 sig.,
1248 2575 102 66 à
1289 2575 164 66 M...
1371 2575 164 66 Paris,

105 2623 268 58 16
239 2623 492 58 juillet
597 2623 403 58 1849.
866 2623 224 58 1
955 2623 268 58 p.
1090 2623 403 58 in-8.
1358 2623 224 58 2
1403 2623 134 58 »

78 2651 205 87 3341.
215 2651 478 87 Magnétisme
625 2651 205 87 Notes
762 2651 182 87 pour
875 2651 137 87 M.
944 2651 273 87 Deleuze,
1149 2651 159 87 sur
1240 2651 296 87 l’ouvrage
1445 2651 91 87 de

129 2722 132 53 M.
195 2722 286 53 Passavant
415 2722 154 53 sur
502 2722 132 53 le
568 2722 330 53 magnétisme.
832 2722 286 53 Manuscrit
1052 2722 198 53 d’une
1184 2722 198 53 bonne
1293 2722 242 53 écriture.

110 2767 367 77 1821.
355 2767 245 77 33
477 2767 367 77 pages
722 2767 245 77 et
844 2767 367 77 quart
1089 2767 367 77 in-4.
1333 2767 245 77 10
1415 2767 122 77 »
