1625 3024
651 90 219 73 EN
724 90 256 73 VENTE

926 145 385 80 TECHENER,

317 145 154 77 A
379 145 185 77 LA
471 145 400 77 LIBRAIRIE
779 145 185 77 DE
840 145 123 77 J.

939 212 133 62 52.

565 210 146 69 RUE
649 210 125 69 DE
690 210 293 69 L’ARBRE

452 301 697 102 CORRESPONDANCE</b>

721 401 178 58 ENTRE

31 484 1471 96 <b>DOTHHAUHETRAUA</b>

742 576 122 58 ET

468 603 596 143 BROSSETTE

523 733 210 58 Avocat
670 733 126 58 au
733 733 273 58 Parlement
944 733 126 58 de
986 733 147 58 Lyon.

405 786 255 68 PUBLIÉE
590 786 162 68 SUR
683 786 162 68 LES
775 786 324 68 MANUSCRITS
1006 786 255 68 ORICINAUX

528 835 183 81 PAR
632 835 288 81 AUGUSTE
815 835 288 81 LAVERDET,

286 890 512 100 INTRODUCTION
702 890 224 100 PAR
830 890 192 100 M.
925 890 288 100 JULES
1085 890 256 100 JANIN.

399 970 243 69 <i>Première
593 970 162 69 édiion
707 970 211 69 complète,
869 970 97 69 en
918 970 162 69 partie
1015 970 227 69 inédite</i>.

113 1020 105 65 Un
165 1020 175 65 volume
287 1020 140 65 in-8
375 1020 105 65 de
427 1020 157 65 XXXII
532 1020 87 65 —
567 1020 122 65 608
637 1020 175 65 pages,
759 1020 140 65 avec
846 1020 122 65 six
916 1020 262 65 fac-simile,
1126 1020 105 65 et
1179 1020 105 65 la
1231 1020 245 65 généalogie
1423 1020 105 65 de
1458 1020 70 65 la

560 1073 195 66 famille
702 1073 106 66 de
755 1073 195 66 Boileau
879 1073 213 66 Despréaux.

720 1126 136 54 EERRLEN
818 1126 62 54 G
843 1126 62 54 C
868 1126 62 54 6
880 1126 37 54 C

339 1169 336 57 SOMMAIRE
591 1169 168 57 DU
675 1169 308 57 CONTENU
900 1169 168 57 DE
984 1169 168 57 CE
1040 1169 252 57 VOLUME:

404 1227 278 67 (COMPLÉMENT
626 1227 130 67 DES
700 1227 204 67 ŒEUVRES
848 1227 111 67 DE
903 1227 204 67 BOILEAU
1033 1227 241 67 DESPRÉAUX.)

1112 1265 365 74 Correspondance
1395 1265 142 74 entre

93 1294 254 55 PREMIÈRE
283 1294 212 55 PARTIE
432 1294 254 55 (Premier
622 1294 212 55 volume
770 1294 127 55 du
834 1294 318 55 manuscrit).
1067 1294 64 55 —

137 1334 214 51 Boileau
292 1334 253 51 Despréaux
487 1334 117 51 et
546 1334 253 51 Brossette
741 1334 273 51 (contenant
955 1334 370 51 soixante-quinze
1267 1334 214 51 lettres
1404 1334 136 51 auto-

951 1371 165 50 Arrêt
1061 1371 110 50 de
1116 1371 221 50 noblesse
1282 1371 110 50 de
1337 1371 110 50 la
1374 1371 165 50 famille

141 1377 222 57 graphes
302 1377 222 57 signées
464 1377 121 57 de
525 1377 222 57 Boileau
686 1377 303 57 Despréaux).
908 1377 61 57 —

652 1421 232 45 Sentence
825 1421 135 45 des
903 1421 232 45 requêtes
1077 1421 116 45 du
1134 1421 193 45 Palais
1270 1421 135 45 sur
1347 1421 116 45 le
1386 1421 154 45 procès

480 1420 189 47 —

145 1422 123 52 de
207 1422 226 52 Boileau
351 1422 246 52 Despréaux.

146 1456 109 58 du
200 1456 201 58 Lutrin.
346 1456 91 58 —
383 1456 201 58 Lettres
529 1456 109 58 et
584 1456 182 58 pièces
711 1456 109 58 de
766 1456 201 58 divers.
912 1456 91 58 —
948 1456 237 58 Testament
1131 1456 109 58 de
1185 1456 201 58 Boileau
1313 1456 219 58 Despréaux.

108 1503 222 64 DEUXIÈME
275 1503 204 64 PARTIE,
424 1503 111 64 ou
479 1503 389 64 <i>Supplément</i>
813 1503 241 64 (deuxième
998 1503 185 64 volume
1128 1503 111 64 du
1184 1503 260 64 manuscrit)
1369 1503 167 64 compre-

137 1543 148 66 nant
230 1543 130 66 les
304 1543 204 66 papiers
453 1543 111 66 de
508 1543 204 66 Boileau
657 1543 241 66 Despréaux
842 1543 204 66 laissés
990 1543 93 66 à
1027 1543 111 66 sa
1083 1543 167 66 iort,
1194 1543 111 66 et
1250 1543 185 66 donnés
1380 1543 93 66 à
1398 1543 130 66 Bros-

888 1583 151 56 Les
975 1583 194 56 Héros
1104 1583 129 56 du
1168 1583 215 56 Roman,
1297 1583 237 56 dialogue.

702 1593 207 38 —

143 1590 170 55 sette
256 1590 132 55 par
332 1590 189 55 l’abbé
464 1590 226 55 Boileau,
634 1590 132 55 son
690 1590 151 55 frère.

202 1626 167 55 Deux
306 1626 271 55 Épitaphes
515 1626 125 55 de
577 1626 229 55 Racine.
744 1626 104 55 —
785 1626 229 55 Réponse
952 1626 104 55 à
994 1626 125 55 un
1056 1626 229 55 mémoire
1223 1626 125 55 de
1285 1626 208 55 Claude
1410 1626 125 55 Per

108 1653 117 30 —

308 1667 223 58 Lettres:
476 1667 112 58 au
532 1667 167 58 comte
643 1667 112 58 de
699 1667 223 58 Vivonne;
866 1667 93 58 à
904 1667 242 58 Maucroix;
1090 1667 93 58 à
1127 1667 186 58 Racine
1257 1667 149 58 (dix
1331 1667 205 58 lettres);

125 1690 210 37 —

124 1676 149 62 rault.

142 1723 101 44 à
182 1723 203 44 Madame
324 1723 243 44 Manchon,
506 1723 122 44 sa
567 1723 182 44 sœur;
689 1723 101 44 à
729 1723 203 44 Madame
871 1723 122 44 la
932 1723 243 44 marquise
1114 1723 122 44 de
1175 1723 263 44 Villette;
1377 1723 101 44 à
1418 1723 122 44 M.
1458 1723 81 44 de

144 1750 125 60 La
207 1750 270 60 Chapelle,
414 1750 145 60 son
497 1750 187 60 neveu
622 1750 166 60 (dix
725 1750 270 60 lettres);
933 1750 104 60 à
975 1750 125 60 M.
1037 1750 125 60 le
1099 1750 187 60 comte
1224 1750 125 60 de
1286 1750 270 60 Maurepas;
1473 1750 62 60 à

140 1802 118 50 M.
199 1802 118 50 de
258 1802 354 50 Pontchartrain;
553 1802 98 50 à
592 1802 118 50 M.
651 1802 196 50 l’abbé
789 1802 216 50 Bignon;
946 1802 98 50 à
985 1802 118 50 M.
1044 1802 118 50 le
1103 1802 177 50 comte
1221 1802 118 50 de
1280 1802 177 50 Revel
1398 1802 138 50 sur
1456 1802 79 50 le

143 1851 208 47 combat
289 1851 125 47 de
351 1851 249 47 Crémone;
538 1851 104 47 à
579 1851 125 47 M.
642 1851 125 47 Le
704 1851 249 47 Verrier;
891 1851 104 47 à
933 1851 312 47 Destouches;
1182 1851 125 47 au
1244 1851 166 47 père
1327 1851 208 47 Thoulier

140 1890 186 49 (trois
271 1890 242 49 lettres),
457 1890 168 49 etc.,
569 1890 205 49 etc...;
718 1890 224 49 Maucroix
886 1890 93 49 à
924 1890 242 49 Despréaux
1110 1890 168 49 (cinq
1222 1890 242 49 lettres);
1390 1890 149 49 Racine

1232 1921 189 59 Pièces
1365 1921 114 59 de
1402 1921 133 59 vers:

141 1920 100 57 à
181 1920 279 57 Despréaux;
400 1920 119 57 le
460 1920 159 57 père
559 1920 239 57 Bouhours
738 1920 100 57 à
778 1920 279 57 Despréaux,
997 1920 179 57 etc.,
1117 1920 159 57 etc.
1196 1920 60 57 —

143 1969 304 52 Epigrammes;
386 1969 223 52 Chanson
549 1969 101 52 à
589 1969 203 52 boire;
731 1969 223 52 Enigme;
894 1969 223 52 Parodie
1056 1969 284 52 burlesque;
1279 1969 244 52 Réponses
1442 1969 101 52 aux

154 2005 218 65 ésuites
312 2005 119 65 de
372 2005 237 65 Trévoux;
550 2005 277 65 Quatrains;
767 2005 178 65 etc.,
886 2005 158 65 etc.
985 2005 237 65 Fragment
1163 2005 158 65 d’un
1262 2005 237 65 prologue
1420 2005 119 65 d’o-

340 2049 227 56 Préface
506 2049 165 56 pour
609 2049 124 56 la
671 2049 207 56 Satire
816 2049 165 56 XII;
919 2049 186 56 Notes
1043 2049 165 56 pour
1146 2049 372 56 l’intelligence
1436 2049 103 56 des

107 2057 260 58 péra....;

137 2095 189 53 œuvres
269 2095 227 53 diverses
439 2095 113 53 de
496 2095 264 53 Despréaux,
704 2095 132 53 sur
779 2095 113 53 la
836 2095 208 53 préface
987 2095 113 53 de
1044 2095 246 53 l’édition
1233 2095 151 53 in-4
1327 2095 113 53 de
1365 2095 132 53 1701.

102 2135 246 59 TROISIÈME
292 2135 208 59 FARTIE,
443 2135 114 59 ou
500 2135 398 59 <i>Appendice</i>.
841 2135 95 59 —
879 2135 227 59 Mémoires
1049 2135 114 59 de
1106 2135 265 59 Brossette,
1315 2135 133 59 sur
1371 2135 171 59 Boileau

138 2188 277 48 Despréaux,
356 2188 218 48 d’après
514 2188 139 48 les
594 2188 257 48 fragments
792 2188 257 48 originaux
990 2188 257 48 conservés
1188 2188 99 48 à
1227 2188 119 48 la
1267 2188 277 48 Bibliothèque

396 2229 225 50 Lettres
559 2229 123 50 de
620 2229 123 50 M.
681 2229 123 50 A.
743 2229 265 50 Péricaud,
947 2229 123 50 et
1008 2229 347 50 dissertation,
1294 2229 123 50 au
1355 2229 184 50 sujet
1457 2229 82 50 de

124 2231 236 56 Impériale.

389 2266 179 67 Table
508 2266 279 67 analytique
727 2266 139 67 des
807 2266 179 67 noms,
926 2266 139 67 des
1006 2266 199 67 lieux,
1145 2266 179 67 etc.,
1264 2266 179 67 cités
1384 2266 159 67 dans
1463 2266 80 67 la

124 2274 228 57 Brossette.

143 2323 351 55 correspondance
435 2323 176 55 entre
552 2323 215 55 Boileau
708 2323 254 55 Despréaux
903 2323 117 55 et
942 2323 234 55 Brossette.

1372 2339 111 69 10
1409 2339 93 69 fr.

259 2362 170 65 Prix,
372 2362 189 65 papier
505 2362 170 65 carré
599 2362 151 65 vélin.

751 2367 96 52 ★
789 2367 96 52 6

1368 2397 119 69 15
1408 2397 99 69 fr.

210 2422 153 52 —

366 2417 201 46 papier
507 2417 181 46 grand
628 2417 201 46 raisin
768 2417 221 46 vélin..
929 2417 101 46 .
970 2417 101 46 .
1010 2417 101 46 .
1050 2417 101 46 .
1090 2417 101 46 .
1131 2417 101 46 .
1171 2417 101 46 .
1211 2417 101 46 .
1251 2417 101 46 .
1272 2417 60 46 .

1372 2440 110 62 15
1408 2440 92 62 fr.

1233 2448 108 44 0

166 2422 180 84 2

876 2463 370 54 6
950 2463 222 54 »

367 2452 188 60 papier
499 2452 169 60 grand
611 2452 188 60 raisin
724 2452 150 60 vergé.

257 2468 121 80 Il
317 2468 101 80 a
358 2468 141 80 été
438 2468 161 80 tiré
539 2468 282 80 vingt-cinq
760 2468 302 80 exemplaires
1002 2468 141 80 sur
1082 2468 201 80 papier
1203 2468 141 80 grand

138 2534 184 57 raisin
267 2534 166 57 fort,
377 2534 184 57 vergé,
506 2534 258 57 numérotés,
709 2534 148 57 avec
801 2534 166 57 titre
912 2534 203 57 imprimé
1059 2534 148 57 noir
1152 2534 111 57 et
1189 2534 148 57 rouge,

1371 2568 118 60 30
1411 2568 98 60 fr.

1198 2589 179 44 6
1234 2589 107 44 »

143 2581 108 67 et
197 2581 180 67 collés
323 2581 162 67 après
413 2581 269 67 l’impression.

682 2590 197 44 6
761 2590 197 44 6
840 2590 118 44 »

93 2625 243 58 L’épitaphe
284 2625 104 58 de
336 2625 174 58 Racine
458 2625 122 58 par
527 2625 191 58 Boileau
666 2625 243 58 Despréaux,
858 2625 226 58 conservée
1032 2625 139 58 dans
1119 2625 209 58 l’Église
1258 2625 278 58 Saint-

142 2666 205 63 au-Mont,
296 2666 103 63 et
347 2666 239 63 reproduite
535 2666 137 63 dans
621 2666 103 63 ce
672 2666 188 63 volume,
809 2666 85 63 a
843 2666 120 63 été
911 2666 154 63 tirée
1014 2666 85 63 à
1048 2666 154 63 part,
1151 2666 137 63 pour
1236 2666 120 63 les
1305 2666 154 63 trois
1390 2666 154 63 papiers

130 2712 161 58 grand
238 2712 197 58 raisin,
363 2712 215 58 seulement.

305 2808 174 66 Paris.
426 2808 87 66 —
461 2808 261 66 Typographie
669 2808 104 66 de
722 2808 191 66 Caittet
861 2808 104 66 et
913 2808 139 66 Cie,
1000 2808 122 66 rue
1069 2808 278 66 Cit-le-Cœur,
1278 2808 69 66 7.
