1656 2953
103 157 289 78 nationale
325 157 134 78 de
392 157 200 78 1848.
526 157 134 78 b.
592 157 178 78 aut.
704 157 200 78 sig.,
837 157 111 78 à
882 157 178 78 Emm.
993 157 223 78 Arago,
1149 157 245 78 avocat.
1327 157 134 78 La
1371 157 134 78 Con-

91 209 460 56 ciergerie,
453 209 197 56 17
551 209 263 56 juin
715 209 296 56 1839.
913 209 361 56 Demi-p.
1175 209 296 56 in-4.
1373 209 164 56 3
1405 209 99 56 »

56 249 181 76 2628.
177 249 362 76 Bausset
478 249 141 76 (le
559 249 241 76 cardinal
740 249 201 76 H.-Fr.
881 249 161 76 de),
981 249 201 76 évêque
1122 249 241 76 d’Alais,
1283 249 221 76 historien

105 314 138 52 de
174 314 253 52 Bossuet
358 314 138 52 et
427 314 138 52 de
495 314 276 52 Fénelon,
702 314 230 52 membre
863 314 138 52 de
932 314 322 52 l’Académie
1184 314 322 52 Française.
1414 314 92 52 L.

112 356 174 61 aut.
221 356 196 61 sig.,
352 356 196 61 comme
482 356 218 61 évêque
635 356 261 61 d’Alais,
830 356 131 61 au
896 356 348 61 maréchal....
1179 356 326 61 Versailles,
1418 356 87 61 11

84 407 379 56 mars
321 407 427 56 1787.
605 407 237 56 1
700 407 284 56 p.
842 407 332 56 pl.
1032 407 427 56 in-4.
1316 407 237 56 3
1364 407 142 56 »

153 439 257 73 Relative
345 439 107 73 à
388 439 128 73 M.
452 439 128 73 de
516 439 257 73 Bausset,
708 439 214 73 détenu
858 439 107 73 à
901 439 128 73 la
965 439 299 73 forteresse
1200 439 128 73 de
1243 439 128 73 Ham.

58 491 184 76 2629.
180 491 470 76 Beaumarchais
589 491 204 76 (Caron
732 491 163 76 de),
834 491 327 76 littérateur,
1099 491 204 76 auteur
1242 491 123 76 de
1283 491 225 76 La

103 541 248 66 Folle
289 541 228 66 journée
455 541 124 66 ou
517 541 124 66 le
579 541 228 66 Mariage
745 541 124 66 de
807 541 310 66 Figaro
1055 541 124 66 L.
1117 541 186 66 aut.,
1241 541 103 66 à
1282 541 145 66 Mme
1365 541 124 66 la
1407 541 103 66 ba-

107 594 191 69 ronne
234 594 127 69 de
298 594 255 69 Burmane,
489 594 106 69 à
531 594 212 69 Paris.
680 594 234 69 Samedi,
850 594 127 69 10
914 594 255 69 juillet.
1105 594 106 69 3
1147 594 127 69 p.
1211 594 149 69 pl.
1296 594 191 69 in-4.
1402 594 106 69 Ca-

-7 644 1238 57 chet.
818 644 825 57 16
1093 644 413 57 »

156 676 199 80 Lettre
295 676 278 80 singulière
514 676 119 80 au
574 676 179 80 sujet
693 676 119 80 de
753 676 119 80 la
812 676 298 80 réclamation
1051 676 219 80 qu’elle
1210 676 139 80 lui
1289 676 159 80 fait
1369 676 139 80 faire

108 732 124 58 de
170 732 144 58 son
253 732 268 58 portrait.
459 732 248 58 Plaintes
645 732 206 58 amères
789 732 144 58 sur
872 732 144 58 ses
954 732 309 58 incroyables
1202 732 227 58 duretés
1346 732 165 58 envers

104 790 173 71 lui,
213 790 195 71 après
342 790 151 71 les
429 790 238 71 preuves
602 790 238 71 d’amour
775 790 238 71 qu’elle
948 790 151 71 lui
1034 790 108 71 a
1078 790 260 71 données;
1272 790 130 71 il
1337 790 130 71 en
1402 790 108 71 a
1424 790 87 71 le

106 835 192 63 cœur
202 835 192 63 percé.

60 883 189 70 2630.
186 883 399 70 Beaumont
522 883 189 70 (Elie
648 883 168 70 de),
753 883 315 70 économiste.
1006 883 210 70 Billet
1153 883 168 70 aut.
1258 883 168 70 sig.
1363 883 147 70 1/2
1426 883 84 70 p.

-25 933 1382 52 in-8.
897 933 768 52 1
1050 933 461 52 »

59 979 201 75 2631.
193 979 470 75 Beauregard
596 979 201 75 (Jean
730 979 157 75 XII
819 979 269 75 Brumauld
1021 979 157 75 de)
1110 979 224 75 évêque
1245 979 269 75 d’Orléans.

108 1034 120 58 L.
168 1034 160 58 aut.
268 1034 181 58 sig.,
389 1034 100 58 à
429 1034 120 58 la
489 1034 160 58 sœur
589 1034 281 58 Bernardin.
810 1034 241 58 Orléans,
990 1034 120 58 27
1051 1034 181 58 avril
1171 1034 181 58 1839.
1291 1034 100 58 1
1331 1034 120 58 p.
1372 1034 140 58 in

82 1077 585 64 Cachet.
507 1077 904 64 Intéressante.
1251 1077 266 64 2
1304 1077 213 64 50

62 1126 192 75 2632.
190 1126 364 75 Belmas
489 1126 257 75 (Louis),
682 1126 214 75 évêque
832 1126 128 75 de
896 1126 257 75 Cambrai,
1088 1126 171 75 mort
1195 1126 192 75 doyen
1324 1126 150 75 des
1388 1126 128 75 évé-

111 1178 163 60 ques
212 1178 122 60 de
273 1178 224 60 France.
436 1178 122 60 L.
497 1178 163 60 aut.
599 1178 163 60 sig.
700 1178 122 60 de
761 1178 142 60 ses
843 1178 285 60 initiales.
1067 1178 244 60 Cambrai,
1250 1178 102 60 5
1290 1178 163 60 oct.
1372 1178 142 60 1815.

109 1234 108 76 1
153 1234 130 76 p.
218 1234 195 76 in-4.
348 1234 130 76 Sa
413 1234 303 76 biographie
651 1234 325 76 (Biographie
911 1234 130 76 du
976 1234 217 76 clergé
1128 1234 368 76 contemporain,
1410 1234 108 76 par

90 1280 252 55 un
216 1280 630 55 solitaire).
720 1280 420 55 In-48.
1013 1280 420 55 Portr.
1307 1280 210 55 2
1349 1280 168 55 50

61 1335 193 67 2633.
189 1335 429 67 Béranger,
554 1335 193 67 notre
683 1335 193 67 poëte
811 1335 279 67 national.
1026 1335 129 67 L.
1090 1335 172 67 aut.
1197 1335 172 67 sig.
1305 1335 129 67 10
1347 1335 172 67 décem-

65 1380 660 58 bre...
527 1380 330 58 2
659 1380 396 58 p.
857 1380 594 58 in-8.
1253 1380 330 58 3
1319 1380 198 58 »

64 1428 193 62 2634.
192 1428 407 62 Bernier,
535 1428 214 62 membre
685 1428 129 62 du
749 1428 236 62 conseil
920 1428 278 62 supérieur
1134 1428 150 62 des
1220 1428 214 62 armées
1349 1428 171 62 catho

113 1480 204 62 liques
255 1480 122 62 et
317 1480 224 62 royales
480 1480 122 62 de
541 1480 122 62 la
602 1480 224 62 Vendée,
765 1480 163 62 puis
867 1480 204 62 évêque
1010 1480 286 62 d’Orléans.
1234 1480 122 62 L.
1296 1480 163 62 aut.
1377 1480 143 62 sig.,

108 1530 124 53 à
158 1530 248 53 l’abbé
331 1530 297 53 Guillon.
554 1530 248 53 Paris,
727 1530 149 53 11
802 1530 272 53 janvier
1000 1530 223 53 1802.
1148 1530 124 53 1
1198 1530 149 53 p.
1272 1530 223 53 in-8.
1421 1530 124 53 2
1446 1530 74 53 »

65 1556 196 110 2635.
196 1556 435 110 Bernoulli
565 1556 239 110 (Jean),
739 1556 391 110 mathématicien,
1065 1556 217 110 membre
1218 1556 130 110 de
1261 1556 261 110 l’Académie

116 1625 142 69 des
197 1625 265 69 Sciences.
401 1625 122 69 L.
462 1625 163 69 aut.
563 1625 183 69 sig.,
686 1625 102 69 à
726 1625 122 69 M.
787 1625 183 69 Bâle,
909 1625 122 69 30
970 1625 183 69 sept.
1093 1625 183 69 1736.
1215 1625 102 69 2
1255 1625 142 69 gr.
1337 1625 122 69 p.
1378 1625 142 69 in

89 1681 761 61 Scientifique.
716 1681 761 61 Intéressante.
1343 1681 224 61 6
1388 1681 134 61 »

68 1737 179 73 2636.
188 1737 339 73 Bertin
467 1737 140 73 (le
546 1737 259 73 chevalier
746 1737 219 73 Antoine
905 1737 159 73 de),
1005 1737 179 73 poëte
1124 1737 259 73 érotique,
1304 1737 219 73 capitaine

116 1781 130 51 de
181 1781 303 51 cavalerie,
419 1781 151 51 ami
506 1781 130 51 de
571 1781 216 51 Parnv.
722 1781 130 51 L.
787 1781 173 51 aut.
895 1781 195 51 sig.,
1025 1781 108 51 à
1069 1781 130 51 M.
1133 1781 151 51 ...
1220 1781 130 51 Du
1285 1781 238 51 Château
1436 1781 87 51 de

116 1831 202 53 Marly,
257 1831 121 53 le
317 1831 121 53 23
378 1831 262 53 septembre
580 1831 181 53 1786.
700 1831 101 53 2
741 1831 121 53 p.
801 1831 181 53 in-4.
922 1831 323 53 Rare
1164 1831 363 53 (Malheureusement

114 1878 217 61 coupée
266 1878 130 61 du
332 1878 174 61 haut
440 1878 130 61 en
505 1878 152 61 bas
592 1878 130 61 de
658 1878 130 61 la
723 1878 196 61 marge
853 1878 304 61 extérieure
1092 1878 130 61 du
1158 1878 217 61 recto.
1310 1878 130 61 La
1375 1878 152 61 fin
1440 1878 87 61 de

118 1933 204 70 toutes
260 1933 143 70 les
342 1933 204 70 lignes
485 1933 122 70 de
546 1933 122 70 la
607 1933 245 70 première
791 1933 163 70 page
893 1933 102 70 a
934 1933 143 70 été
1016 1933 225 70 touchée
1179 1933 143 70 par
1261 1933 143 70 les
1322 1933 204 70 ciseaux,

108 1970 236 55 mais
256 1970 177 55 la
345 1970 295 55 lettre
551 1970 236 55 peut
699 1970 236 55 être
846 1970 207 55 lue
964 1970 502 55 entièrement.)
1377 1970 177 55 25
1436 1970 89 55 »

68 2007 182 87 2637.
189 2007 385 87 Beudant,
514 2007 203 87 membre
655 2007 122 87 de
716 2007 304 87 l’Institut.
960 2007 122 87 L.
1020 2007 162 87 aut.
1122 2007 162 87 sig.
1223 2007 203 87 Paris,
1365 2007 122 87 21
1405 2007 122 87 mars

73 2075 595 64 1846.
470 2075 331 64 1
602 2075 397 64 p.
800 2075 595 64 in-4.
1197 2075 331 64 1
1263 2075 265 64 50

71 2113 193 87 2638.
199 2113 343 87 Biot,
478 2113 214 87 savant
628 2113 386 87 mathématicien,
950 2113 214 87 membre
1100 2113 129 87 de
1164 2113 300 87 l’Académie
1379 2113 150 87 Fran-

119 2176 231 60 çaise.
281 2176 139 60 L.
350 2176 185 60 aut.
465 2176 185 60 sig.
581 2176 254 60 Dieppe,
765 2176 139 60 24
835 2176 185 60 août
950 2176 208 60 1834.
1088 2176 115 60 1
1135 2176 139 60 p.
1204 2176 162 60 pl.
1296 2176 208 60 in-4.
1435 2176 115 60 2
1458 2176 69 60 »

72 2217 196 71 2639.
203 2217 304 71 Blucher
442 2217 130 71 de
507 2217 348 71 Wahlstad
790 2217 152 71 (le
877 2217 261 71 général,
1072 2217 261 71 prince).
1268 2217 130 71 L.
1333 2217 174 71 sig.
1420 2217 109 71 (en

123 2274 313 53 allemand),
368 2274 156 53 au5
458 2274 268 53 maréchal
659 2274 246 53 Gouvion
838 2274 313 53 Saint-Cyr.
1083 2274 447 53 Quartier-général
1441 2274 89 53 de

119 2321 352 61 Rambouillet,
405 2321 110 61 7
449 2321 176 61 août
559 2321 198 61 1815.
691 2321 110 61 1
735 2321 132 61 p.
801 2321 242 61 in-fol.
978 2321 264 61 Affaires
1176 2321 330 61 militaires.
1440 2321 110 61 6
1462 2321 66 61 »

75 2381 180 69 2640.
195 2381 400 69 Boisgelin
535 2381 140 69 (le
615 2381 280 69 cardinal),
834 2381 280 69 archevêque
1054 2381 200 69 d’Aix.
1194 2381 120 69 L.
1254 2381 160 69 aut.
1354 2381 180 69 sig.,
1454 2381 80 69 au

122 2425 235 55 citoyen
293 2425 385 55 législateur...
614 2425 107 55 6
657 2425 257 55 germinal
849 2425 128 55 an
913 2425 150 55 XI.
999 2425 107 55 2
1042 2425 128 55 p.
1106 2425 128 55 et
1170 2425 193 55 quart
1299 2425 193 55 in-4.
1427 2425 107 55 2
1448 2425 86 55 50

76 2474 190 61 2644.
202 2474 443 61 Bonaparte,
582 2474 190 61 comme
708 2474 274 61 capitaine
919 2474 126 61 au
982 2474 126 61 4e
1045 2474 253 61 régiment
1214 2474 316 61 d’artillerie.

123 2526 174 69 Lett.
239 2526 155 69 sig.
335 2526 348 69 Buonaparte,
625 2526 174 69 hotel
741 2526 135 69 des
818 2526 251 69 patriotes
1011 2526 290 69 Hollandois,
1243 2526 135 69 Rue
1301 2526 232 69 Royale

122 2570 396 56 St-Roche
459 2570 119 56 au
518 2570 238 56 ministre
696 2570 119 56 de
756 2570 119 56 la
815 2570 198 56 marine
954 2570 198 56 Monge.
1092 2570 198 56 Paris,
1231 2570 119 56 le
1290 2570 119 56 29
1330 2570 198 56 aoust...

127 2624 128 59 La
191 2624 192 59 marge
318 2624 298 59 extérieure
553 2624 106 59 a
595 2624 149 59 été
680 2624 213 59 coupée
829 2624 128 59 et
893 2624 149 59 les
978 2624 277 59 premières
1191 2624 234 59 lettres
1362 2624 149 59 ont
1426 2624 106 59 été

124 2667 295 55 atteintes,
355 2667 168 55 mais
461 2667 126 55 la
524 2667 189 55 pièce
650 2667 168 55 peut
755 2667 168 55 être
861 2667 147 55 lue
945 2667 337 55 entièrement.
1218 2667 126 55 On
1281 2667 147 55 lit
1366 2667 126 55 en
1408 2667 126 55 tête

126 2721 186 54 d’une
251 2721 166 54 main
354 2721 269 54 d’employé
561 2721 145 54 des
644 2721 249 54 bureaux:
831 2721 311 54 Présenté
1079 2721 124 54 au
1141 2721 249 54 ministre
1328 2721 104 54 à
1349 2721 186 54 son

133 2763 262 78 audience
342 2763 175 78 du
465 2763 105 78 30
517 2763 262 78 août
727 2763 157 78 1792.
832 2763 157 78 Puis,
937 2763 87 78 à
972 2763 122 78 une
1042 2763 157 78 autre
1147 2763 175 78 place,
1270 2763 105 78 et
1322 2763 157 78 d’une
1410 2763 122 78 autre
