1635 3042
613 72 179 85 —
649 72 179 85 214

90 167 175 73 main,
206 167 117 73 en
265 167 214 73 lettres
421 167 273 73 majuscules
635 167 97 73 :
674 167 117 73 S.
733 167 117 73 R.
791 167 331 73 (probablement
1064 167 214 73 sans
1201 167 292 73 réponse)

73 230 182 61 1
145 230 255 61 gr.
291 230 219 61 p.
400 230 401 61 in-fol.
692 230 473 61 Précieuse
1056 230 364 61 pièce.
1311 230 219 61 50
1384 230 109 61 »

135 262 231 73 Demande
303 262 126 73 de
366 262 252 73 l’emploi
554 262 126 73 de
617 262 461 73 lieutenant-colonel
1016 262 126 73 de
1079 262 336 73 l’artillerie
1351 262 126 73 de
1393 262 105 73 ma-

87 323 232 59 rine...
255 323 147 59 Les
340 323 253 59 qualités
529 323 147 59 qui
613 323 295 59 pourraient
845 323 232 59 militer
1013 323 126 59 en
1076 323 126 59 sa
1139 323 210 59 faveur
1287 323 189 59 sont:
1392 323 105 59 ses

88 382 239 56 talents
262 382 326 56 ordinaires;
522 382 152 56 des
609 382 369 56 connaissances
913 382 152 56 sur
1000 382 130 56 la
1065 382 217 56 partie
1217 382 282 56 théorique
1412 382 87 56 et

87 417 257 73 pratique
279 417 129 73 de
344 417 150 73 son
429 417 236 73 métier,
601 417 257 73 estimées
794 417 150 73 par
880 417 150 73 les
965 417 193 73 chefs
1094 417 129 73 du
1158 417 193 73 corps
1287 417 150 73 qui
1351 417 150 73 l’ont

86 471 247 63 souvent
265 471 247 63 employé
445 471 112 63 à
489 471 157 63 des
579 471 247 63 travaux
759 471 426 63 extraordinaires
1118 471 135 63 et
1185 471 112 63 à
1230 471 247 63 diriger
1387 471 112 63 des

89 522 311 55 expériences
338 522 166 55 qui,
441 522 124 55 de
503 522 166 55 tous
607 522 145 55 les
690 522 207 55 genres
835 522 124 55 de
897 522 248 55 travail,
1083 522 145 55 est
1166 522 186 55 celui
1290 522 145 55 qui
1352 522 145 55 exige

87 565 130 54 le
152 565 174 54 plus
261 565 130 54 de
326 565 261 54 sagacité
522 565 130 54 et
587 565 130 54 de
652 565 282 54 jugement.
869 565 109 54 —
913 565 152 54 Son
999 565 239 54 civisme
1173 565 195 54 connu
1304 565 152 54 des
1369 565 130 54 dif-

87 613 239 64 férents
261 613 195 64 corps
391 613 391 64 administratifs
717 613 152 64 qui
804 613 152 64 lui
891 613 152 64 ont
978 613 195 64 donné
1108 613 152 64 des
1195 613 239 64 preuves
1347 613 152 64 d’in

65 666 221 53 térêt...

43 692 180 73 2642.
163 692 399 73 Bonaparte
502 692 319 73 (Charlotte),
762 692 259 73 princesse
961 692 279 73 Gabrielis,
1181 692 180 73 fille
1300 692 120 73 de
1340 692 160 73 Lucien

88 759 314 51 Bonaparte.
334 759 292 51 Ferdinand
559 759 179 51 VII,
671 759 157 51 roi
761 759 314 51 d’Espagne,
1007 759 224 51 voulut
1164 759 292 51 l’épouser
1366 759 135 51 pour

90 800 249 59 s’allier
277 800 104 59 à
318 800 124 59 la
381 800 228 59 famille
546 800 124 59 de
609 800 311 59 l’Empereur.
857 800 124 59 L.
920 800 166 59 aut.
1023 800 187 59 sig.,
1148 800 104 59 à
1189 800 207 59 madame
1334 800 124 59 la
1376 800 124 59 com-

66 849 403 55 tesse
335 849 269 55 de
469 849 493 55 Grasse.
827 849 224 55 2
917 849 269 55 p.
1051 849 403 55 in-8.
1320 849 224 55 6
1365 849 134 55 »

42 882 185 70 2643.
166 882 390 70 Bordogni
494 882 226 70 célèbre
658 882 246 70 chanteur
843 882 246 70 italien.
1028 882 123 70 L.
1089 882 164 70 aut.
1192 882 164 70 sig.
1295 882 205 70 Paris,
1418 882 82 70 18

54 946 429 62 juin
322 946 482 62 1824.
644 946 268 62 1
751 946 321 62 p.
912 946 482 62 in-4.
1233 946 268 62 2
1287 946 214 62 50

41 1002 205 61 2644.
178 1002 274 61 Borry
383 1002 137 61 de
452 1002 479 61 Saini-Vincent
862 1002 160 61 (le
954 1002 274 61 colonel,
1159 1002 251 61 baron),
1319 1002 182 61 membre

90 1044 126 88 de
153 1044 294 88 l’Académie
384 1044 147 88 des
468 1044 273 88 Sciences.
678 1044 126 88 L.
741 1044 168 88 aut.
847 1044 168 88 sig.
952 1044 210 88 Paris,
1099 1044 126 88 20
1162 1044 168 88 juin
1267 1044 189 88 1833.
1393 1044 105 88 2
1414 1044 84 88 p.

11 1087 696 75 pl.
408 1087 894 75 in-4.
1004 1087 497 75 2
1104 1087 397 75 50

45 1141 180 71 2645.
165 1141 379 71 Bouilly,
484 1141 319 71 littérateur,
744 1141 120 71 et
803 1141 200 71 auteur
943 1141 299 71 dramatique.
1183 1141 120 71 L.
1243 1141 160 71 aut.
1342 1141 180 71 sig.,
1442 1141 60 71 à

84 1184 206 64 son
201 1184 235 64 cher
348 1184 294 64 ami...
554 1184 147 64 6
613 1184 412 64 février...
936 1184 147 64 1
995 1184 176 64 p.
1083 1184 206 64 pl.
1201 1184 265 64 in-4.
1377 1184 147 64 3
1407 1184 88 64 »

141 1236 135 64 Son
218 1236 231 64 ouvrage:
391 1236 250 64 Contes
583 1236 135 64 aux
660 1236 211 64 Enfants
813 1236 115 64 de
871 1236 288 64 France
1102 1236 135 64 lui
1178 1236 96 64 a
1217 1236 154 64 valu
1313 1236 173 64 hier,
1409 1236 96 64 aux

93 1284 300 54 Tuileries,
328 1284 129 54 un
393 1284 236 54 auguste
564 1284 257 54 suffrage
757 1284 150 54 qui
842 1284 150 54 l’a
928 1284 257 54 vivement
1099 1284 129 54 ému.

45 1316 190 80 2646.
172 1316 422 80 Boulanger
530 1316 211 80 (Mme),
678 1316 232 80 célèbre
847 1316 232 80 actrice
1016 1316 127 80 de
1079 1316 422 80 l’Opéra-Comique.
1417 1316 84 80 L.

61 1382 444 60 aut.
338 1382 444 60 sig.
615 1382 277 60 1
726 1382 333 60 p.
893 1382 499 60 in-4.
1226 1382 277 60 2
1281 1382 222 60 50

45 1421 187 69 2647.
170 1421 416 69 Boulogne,
524 1421 208 69 évêque
669 1421 125 69 de
732 1421 229 69 Troyes,
898 1421 229 69 célèbre
1064 1421 333 69 prédicateur.
1335 1421 125 69 L.
1376 1421 125 69 aut.

84 1473 236 63 sig.
232 1473 295 63 Paris,
439 1473 177 63 17
527 1473 325 63 juillet
764 1473 266 63 1791.
941 1473 148 63 1
1000 1473 177 63 p.
1089 1473 207 63 pl.
1207 1473 266 63 in-4.
1384 1473 148 63 5
1413 1473 89 63 »

140 1524 130 56 Au
205 1524 194 56 sujet
335 1524 130 56 du
400 1524 216 56 revenu
551 1524 130 56 de
616 1524 130 56 sa
680 1524 259 56 chapelle
875 1524 130 56 de
939 1524 324 56 Saint-Louis
1199 1524 173 56 dans
1307 1524 130 56 la
1350 1524 151 56 ville

96 1571 124 51 de
158 1571 289 51 Montlhéri,
385 1571 145 51 qui
468 1571 145 51 est
550 1571 124 51 du
612 1571 227 51 ressort
778 1571 124 51 du
840 1571 248 51 district
1025 1571 124 51 de
1067 1571 206 51 Corbeil.

45 1617 199 62 2648.
177 1617 397 62 Bouvard
508 1617 485 62 (Michel-Philippe),
927 1617 243 62 célèbre
1104 1617 243 62 médecin
1280 1617 132 62 de
1325 1617 176 62 Paris,

94 1676 195 52 membre
230 1676 117 52 de
288 1676 273 52 l’Académie
502 1676 136 52 des
580 1676 253 52 Sciences.
775 1676 117 52 Né
833 1676 97 52 à
872 1676 370 52 Chartres
1164 1676 331 52 (Eure

91 1714 245 62 Mémoire
269 1714 245 62 médical
447 1714 178 62 aut.
559 1714 178 62 sig.
670 1714 178 62 pour
782 1714 134 62 M.
849 1714 134 62 le
915 1714 245 62 marquis
1094 1714 134 62 de
1161 1714 134 62 La
1205 1714 290 62 Fortilisse,

94 1772 186 66 alors
218 1772 145 66 âgé
301 1772 124 66 de
363 1772 352 66 soixante-neuf
653 1772 165 66 ans.
756 1772 248 66 Délibéré
942 1772 103 66 à
984 1772 207 66 Paris,
1129 1772 124 66 le
1191 1772 124 66 13
1253 1772 186 66 avril
1356 1772 145 66 1777.

82 1805 165 65 2
148 1805 198 65 p.
247 1805 231 65 pl.
379 1805 198 65 et
479 1805 330 65 demie.
710 1805 297 65 in-4.
908 1805 529 65 Intéressant.
1338 1805 198 65 10
1404 1805 99 65 »

48 1848 187 74 2649.
173 1848 353 74 Brohan
464 1848 187 74 (Mlle
588 1848 312 74 Augustine),
837 1848 228 74 actrice
1004 1848 125 74 du
1066 1848 436 74 Théâtre-Français.
1419 1848 83 74 L.

58 1907 482 64 aut.
359 1907 482 64 sig.
660 1907 301 64 1
780 1907 361 64 p.
961 1907 422 64 12.
1202 1907 301 64 1
1262 1907 241 64 25

48 1955 193 59 2650.
176 1955 428 59 Brongniar
540 1955 342 59 (Alexandre),
818 1955 278 59 chimiste,
1032 1955 278 59 directeur
1246 1955 128 59 de
1310 1955 128 59 la
1353 1955 150 59 Manu

95 2009 227 69 facture
261 2009 124 69 de
323 2009 289 69 Porcelaine
550 2009 124 69 de
612 2009 227 69 Sèvres,
777 2009 207 69 membre
922 2009 124 69 de
984 2009 310 69 l’Institut.
1231 2009 124 69 L.
1293 2009 165 69 aut.
1376 2009 124 69 sig.

81 2047 382 62 Sèvres,
359 2047 208 62 10
463 2047 382 62 juillet
741 2047 312 62 1829.
949 2047 174 62 2
1018 2047 208 62 p.
1122 2047 312 62 in-4.
1331 2047 174 62 2
1365 2047 139 62 50

50 2083 181 77 2651.
171 2083 363 77 Burnouf
473 2083 181 77 père,
594 2083 322 77 grammairien,
855 2083 302 77 traducteur.
1097 2083 121 77 L.
1158 2083 161 77 aut.
1258 2083 161 77 sig.
1339 2083 161 77 Paris,

85 2149 198 57 15
184 2149 396 57 novembre
481 2149 297 57 1834.
679 2149 165 57 1
745 2149 198 57 p.
843 2149 198 57 et
942 2149 297 57 demie
1140 2149 297 57 in-8.
1338 2149 165 57 1
1371 2149 132 57 50

50 2185 182 69 2652.
171 2185 323 69 Byron
434 2185 222 69 (lord),
595 2185 222 69 célèbre
757 2185 182 69 poëte
878 2185 243 69 anglais.
1060 2185 243 69 Fragment
1242 2185 121 69 de
1303 2185 101 69 3
1323 2185 182 69 grandes

95 2254 208 55 lignes
241 2254 166 55 aut.
344 2254 249 55 (découpé
531 2254 187 55 d’une
656 2254 249 55 lettre),
843 2254 249 55 certifié
1029 2254 145 55 par
1113 2254 125 55 le
1175 2254 187 55 comte
1299 2254 228 55 Orloff.
1445 2254 62 55 —

95 2293 192 66 BYRON
223 2293 192 66 (lady
351 2293 214 66 Noël),
501 2293 192 66 femme
629 2293 128 66 du
693 2293 299 66 précédent.
929 2293 128 66 L.
993 2293 171 66 aut.
1100 2293 171 66 sig.
1207 2293 128 66 (à
1271 2293 128 66 la
1335 2293 128 66 3e
1378 2293 128 66 per-

90 2357 299 47 sonne),
307 2357 136 47 à
362 2357 163 47 M.
443 2357 354 47 Lecointe.
715 2357 218 47 Sans
851 2357 245 47 date.
1014 2357 136 47 2
1069 2357 163 47 p.
1150 2357 163 47 in
1232 2357 245 47 in-8.
1395 2357 136 47 5
1422 2357 82 47 »

49 2396 196 66 2653.
180 2396 261 66 Cadet
375 2396 130 66 de
440 2396 261 66 Vaux
636 2396 282 66 chimiste.
853 2396 130 66 L.
918 2396 174 66 aut.
1027 2396 196 66 sig.,
1157 2396 109 66 à
1201 2396 217 66 Mgr...
1331 2396 174 66 Paris,

73 2445 224 56 3
163 2445 493 56 octobre
521 2445 403 56 1782.
790 2445 224 56 2
879 2445 269 56 p.
1013 2445 403 56 in-4.
1282 2445 224 56 1
1327 2445 179 56 50

50 2504 199 60 2654.
183 2504 265 60 Cadet
382 2504 133 60 de
448 2504 376 60 Gassicour
757 2504 265 60 (C.-L.),
956 2504 221 60 Savant
1111 2504 287 60 chimiste,
1310 2504 199 60 pharma

98 2556 171 63 cien
204 2556 128 63 de
269 2556 321 63 l’Empereur.
525 2556 128 63 L.
589 2556 171 63 aut.
696 2556 192 63 sig.,
824 2556 107 63 à
867 2556 406 63 Ducray-Duminil.
1209 2556 214 63 Paris,
1358 2556 128 63 27
1401 2556 107 63 oc-

81 2597 347 64 tobre
313 2597 347 64 1810.
544 2597 193 64 2
621 2597 231 64 p.
737 2597 347 64 in-4.
968 2597 501 64 Curieuse.
1354 2597 193 64 2
1392 2597 116 64 »

53 2624 180 86 2655.
173 2624 339 86 Callet
452 2624 399 86 (Jean-François),
792 2624 200 86 savant
931 2624 359 86 mathématicien.
1231 2624 120 86 L.
1290 2624 160 86 aut.
1370 2624 140 86 sig.,

100 2709 114 54 à
146 2709 136 54 M.
214 2709 227 54 Didot.
373 2709 250 54 Vannes,
554 2709 136 54 23
623 2709 182 54 juin
736 2709 204 54 1701.
872 2709 114 54 3
918 2709 159 54 gr.
1008 2709 159 54 pl.
1099 2709 204 54 in-4.
1236 2709 250 54 Cachet.
1417 2709 114 54 5
1440 2709 68 54 »

145 2736 220 83 Lettre
299 2736 374 83 intéressante,
607 2736 264 83 relative
805 2736 110 83 à
850 2736 352 83 l’impression
1136 2736 132 83 de
1202 2736 154 83 son
1290 2736 198 83 grand
1400 2736 110 83 ou-

103 2798 179 77 vrage:
229 2798 215 77 Table
390 2798 125 77 des
444 2798 323 77 Logarithmes
