1579 2948
56 137 189 90 2656.
182 137 420 90 Campenon,
539 137 210 90 membre
686 137 126 90 de
749 137 294 90 l’Académie
979 137 294 90 Française.
1210 137 126 90 L.
1273 137 168 90 aut.
1357 137 147 90 sig.,

75 192 247 53 à
173 192 493 53 Ducis.
519 192 247 53 1
617 192 296 53 p.
765 192 345 53 pl.
962 192 444 53 in-4.
1258 192 247 53 2
1308 192 197 53 50

55 237 192 70 2657.
183 237 448 70 Campistron
566 237 362 70 (Jean-Gilbert
865 237 171 70 de),
971 237 192 70 poëte
1099 237 320 70 dramatique,
1333 237 171 70 secré

102 287 221 67 taire
250 287 147 67 du
323 287 172 67 duc
422 287 147 67 de
495 287 295 67 Vendôme,
716 287 246 67 membre
888 287 147 67 de
962 287 344 67 l’Académie
1207 287 295 67 Française.

103 338 222 62 Lettre
258 338 333 62 entièrement
525 338 222 62 écrite
680 338 155 62 par
769 338 155 62 lui
858 338 133 62 et
925 338 222 62 signée
1080 338 155 62 par
1169 338 133 62 le
1235 338 155 62 duc
1324 338 133 62 de
1369 338 133 62 Ven-

102 389 211 63 dôme,
242 389 281 63 adressée
452 389 117 63 à
499 389 140 63 M.
569 389 140 63 de
640 389 421 63 Pontchartrain,
990 389 211 63 datée
1131 389 140 63 du
1201 389 211 63 camp,
1318 389 187 63 devant

96 427 393 66 Barcelone,
405 427 168 66 le
489 427 168 66 20
573 427 225 66 juin
714 427 253 66 1697.
882 427 140 66 2
938 427 197 66 gr.
1051 427 168 66 p.
1135 427 309 66 in-fol.
1360 427 168 66 12
1416 427 84 66 »

151 477 219 60 Détails
310 477 298 60 militaires.
549 477 179 60 Belle
668 477 119 60 et
728 477 318 60 intéressante
966 477 179 60 lettre.

51 499 218 102 2658.
196 499 363 102 Caumont,
487 499 170 102 duc
584 499 145 102 de
656 499 145 102 La
729 499 315 102 Force
971 499 291 102 (Jacques
1189 499 266 102 Nompart
1359 499 145 102 de),

103 573 267 60 maréchal
303 573 134 60 de
370 573 245 60 France.
548 573 134 60 Il
615 573 245 60 échappa
793 573 134 60 au
860 573 267 60 massacre
1061 573 134 60 de
1127 573 134 60 la
1172 573 334 60 Saint-

103 624 194 55 lemy.
233 624 129 55 L.
297 624 172 55 aut.
405 624 194 55 sig.,
534 624 108 55 à
577 624 129 55 M.
642 624 129 55 le
706 624 237 55 marquis
879 624 129 55 de
943 624 237 55 Vardes.
1094 624 409 55 Sainte

83 669 251 64 17
209 669 335 64 oct.
418 669 209 64 1
501 669 251 64 p.
627 669 460 64 in-fol.
961 669 460 64 Cachet.
1296 669 209 64 7
1338 669 167 64 50

56 699 197 91 2659.
187 699 657 91 Champollion-Figeac,
779 699 306 91 antiquaire
1019 699 131 91 et
1085 699 306 91 numismate.
1326 699 131 91 L.
1370 699 131 91 aut.

103 777 188 52 sig.,
229 777 105 52 à
271 777 126 52 M.
333 777 293 52 Villenave.
564 777 272 52 Grenoble,
773 777 126 52 20
836 777 188 52 sept.
962 777 188 52 1808.
1087 777 105 52 2
1129 777 126 52 p.
1192 777 147 52 pl.
1276 777 188 52 in-4.
1401 777 105 52 3
1422 777 84 52 50

151 817 226 54 Lettre
309 817 361 54 intéressante
603 817 135 54 au
671 817 203 54 sujet
806 817 203 54 d’une
942 817 248 54 édition
1122 817 135 54 du
1190 817 158 54 XVe
1280 817 226 54 siècle
1416 817 90 54 de

106 848 336 82 l'Imitation
387 848 112 82 de
443 848 374 82 Jésus-Christ
760 848 168 82 qu’il
873 848 224 82 possède,
1041 848 112 82 et
1097 848 150 82 dont
1190 848 112 82 il
1246 848 168 82 donne
1340 848 168 82 longue-

110 909 171 69 ment
216 909 128 69 la
259 909 299 69 description.

56 939 181 88 2660.
177 939 402 88 Chanorier
518 939 201 88 membre
659 939 121 88 de
720 939 302 88 l’Institut.
961 939 121 88 L.
1021 939 161 88 aut.
1122 939 161 88 sig.
1222 939 201 88 Paris,
1363 939 101 88 9
1383 939 121 88 flo-

77 1012 395 63 réal
323 1012 296 63 an
471 1012 395 63 VII.
718 1012 247 63 2
817 1012 296 63 p.
964 1012 444 63 in-4.
1260 1012 247 63 1
1310 1012 197 63 50

58 1032 181 85 2661.
178 1032 382 85 Chapsal
500 1032 322 85 grammairien.
761 1032 121 85 L.
822 1032 161 85 aut.
922 1032 161 85 sig.
1023 1032 121 85 23
1083 1032 161 85 déc.
1183 1032 100 85 1
1224 1032 121 85 p.
1284 1032 181 85 in-8.
1405 1032 100 85 1
1425 1032 80 85 50

57 1102 183 68 2662.
179 1102 387 68 Chaptal,
505 1102 204 68 savant
648 1102 265 68 chimiste,
852 1102 265 68 ministre,
1056 1102 204 68 membre
1198 1102 122 68 de
1239 1102 265 68 l’Institut.

101 1152 159 61 L.
180 1152 212 61 aut.
312 1152 212 61 sig.
445 1152 265 61 Paris,
630 1152 159 61 10
710 1152 265 61 nivôse
895 1152 159 61 an
974 1152 185 61 IX.
1080 1152 132 61 1
1133 1152 159 61 p.
1213 1152 238 61 in-4.
1372 1152 132 61 4
1398 1152 106 61 50

58 1184 192 97 2663.
185 1184 404 97 Charles,
526 1184 255 97 cardidal
718 1184 128 97 de
781 1184 255 97 Bourbon,
973 1184 255 97 proclamé
1164 1184 149 97 roi
1250 1184 170 97 sous
1356 1184 128 97 le
1399 1184 106 97 nom

109 1249 118 60 de
168 1249 355 60 Charles
464 1249 99 60 X
503 1249 138 60 par
582 1249 118 60 la
641 1249 197 60 Ligue.
779 1249 177 60 Pièce
897 1249 158 60 sig.
996 1249 158 60 (sur
1094 1249 276 60 parchemin,
1311 1249 177 60 grand
1410 1249 99 60 in-

105 1296 188 65 folio
230 1296 125 65 en
293 1296 272 65 travers),
502 1296 209 65 signee
648 1296 188 65 aussi
774 1296 146 65 par
857 1296 251 65 Charles,
1045 1296 251 65 cardinal
1233 1296 125 65 de
1275 1296 230 65 Lorraine,

102 1341 162 72 et
183 1341 324 72 Nicolas,
426 1341 324 72 cardinal
669 1341 162 72 de
750 1341 324 72 Pellevé.
993 1341 162 72 29
1074 1341 216 72 août
1209 1341 243 72 1571.
1371 1341 162 72 30
1425 1341 81 72 »

154 1395 229 61 Députés
321 1395 125 61 du
383 1395 187 61 pape,
508 1395 166 61 pour
612 1395 125 61 la
674 1395 270 61 vendition
882 1395 125 61 et
944 1395 291 61 aliénation
1173 1395 104 61 à
1215 1395 291 61 perpétuité
1423 1395 83 61 de

108 1438 284 63 cinquante
327 1438 197 63 mille
458 1438 175 63 écus
567 1438 131 63 de
633 1438 197 63 rente
764 1438 153 63 des
851 1438 197 63 biens
982 1438 131 63 du
1048 1438 219 63 clergé
1201 1438 131 63 du
1267 1438 240 63 royaume
1420 1438 87 63 de

109 1488 233 54 France,
278 1488 233 54 suivant
448 1488 127 54 sa
512 1488 191 54 bulle
639 1488 212 54 donnée
787 1488 106 54 à
830 1488 170 54 Rome
936 1488 127 54 le
999 1488 127 54 25
1063 1488 170 54 août
1169 1488 191 54 1568,
1296 1488 127 54 et
1338 1488 170 54 depuis

106 1535 312 57 homologuée
351 1535 134 57 en
417 1535 134 57 la
484 1535 178 57 Cour
595 1535 134 57 du
662 1535 289 57 Parlement
885 1535 134 57 de
952 1535 223 57 Paris,
1107 1535 156 57 ils
1196 1535 312 57 approuvent
1419 1535 89 57 la

109 1582 193 65 vente
237 1582 193 65 faîte
366 1582 150 65 par
452 1582 150 65 les
538 1582 343 65 commissaires
817 1582 215 65 nommés
967 1582 150 65 par
1052 1582 129 65 le
1117 1582 236 65 diocèse
1267 1582 236 65 d’Evreux,

111 1633 162 66 pour
212 1633 283 66 satisfaire
434 1633 101 66 à
475 1633 121 66 la
535 1633 162 66 taxe
637 1633 101 66 à
677 1633 243 66 laquelle
859 1633 101 66 a
899 1633 142 66 été
980 1633 142 66 par
1061 1633 142 66 eux
1142 1633 243 66 «cotizée
1304 1633 202 66 l’abbaie

109 1689 338 59 «Notre-Dame
380 1689 135 59 du
448 1689 203 59 Brout
583 1689 248 59 Benoist
763 1689 135 59 du
831 1689 180 59 dict
943 1689 270 59 diocèse,
1146 1689 158 59 ...
1237 1689 135 59 de
1304 1689 180 59 deux
1394 1689 113 59 ar-

107 1723 203 70 «pens
243 1723 135 70 de
310 1723 180 70 prés
423 1723 135 70 en
491 1723 158 70 une
581 1723 203 70 pièce
716 1723 225 70 située
874 1723 135 70 et
941 1723 225 70 assise
1099 1723 135 70 en
1167 1723 135 70 la
1235 1723 270 70 paroisse
1415 1723 90 70 de

86 1779 251 61 «Sorel...

62 1811 188 78 2664.
188 1811 503 78 Chateaubriand
627 1811 147 78 (le
711 1811 230 78 vicomte
879 1811 168 78 de).
983 1811 126 78 L.
1046 1811 147 78 aut
1130 1811 188 78 sig.,
1256 1811 126 78 au
1298 1811 209 78 cardinal

105 1871 269 70 Fesch.
293 1871 242 70 Rome,
455 1871 161 70 29
536 1871 242 70 avril
697 1871 242 70 1829.
858 1871 135 70 4
912 1871 161 70 p.
993 1871 161 70 et
1074 1871 242 70 demie
1235 1871 242 70 in-8.
1396 1871 135 70 4
1423 1871 81 70 »

62 1916 183 72 2665.
184 1916 366 72 Chémier
489 1916 387 72 (Marie-Joseph),
815 1916 326 72 législaleur,
1080 1916 244 72 orateur,
1263 1916 204 72 poëte,
1385 1916 122 72 mem

111 1969 148 56 bre
195 1969 127 56 de
259 1969 317 56 l’Institut.
512 1969 253 56 Fragment
702 1969 169 56 aut.
807 1969 127 56 du
871 1969 127 56 9e
934 1969 253 56 chant...
1124 1969 211 56 (Songe
1272 1969 127 56 de
1314 1969 190 56 Nassau,

113 2012 214 56 Temple
262 2012 128 56 de
326 2012 128 56 la
391 2012 257 56 gloire).
583 2012 107 56 2
626 2012 128 56 p.
690 2012 150 56 pl.
775 2012 128 56 et
839 2012 214 56 quart.
989 2012 192 56 in-8.
1117 2012 278 56 Entourage
1310 2012 192 56 gaufré.

102 2061 418 53 Très-belle
431 2061 299 53 pièce.
640 2061 359 53 Portrait
909 2061 179 53 de
999 2061 448 53 Bonneville.
1358 2061 179 53 12
1417 2061 90 53 »

64 2093 185 85 2666.
188 2093 391 85 Chevreul
517 2093 185 85 (E.),
641 2093 206 85 savant
785 2093 268 85 chimiste,
991 2093 206 85 membre
1135 2093 124 85 de
1197 2093 309 85 l’Institut.
1424 2093 82 85 L.

106 2163 224 59 aut.
246 2163 224 59 sig.
386 2163 280 59 Paris,
582 2163 168 59 21
666 2163 224 59 mars
806 2163 252 59 1837.
973 2163 140 59 1
1029 2163 168 59 p.
1113 2163 196 59 pl.
1225 2163 252 59 in-4.
1393 2163 140 59 2
1421 2163 84 59 »

65 2215 180 62 2667.
185 2215 381 62 Chollet,
506 2215 200 62 acteur
646 2215 120 62 de
706 2215 401 62 l’Opéra-Comique.
1047 2215 120 62 L.
1107 2215 160 62 aut.
1207 2215 180 62 sig.,
1328 2215 100 62 à
1348 2215 160 62 Arnal.

89 2274 258 52 19
218 2274 472 52 janvier
561 2274 386 52 1847.
819 2274 215 52 1
905 2274 258 52 p.
1034 2274 386 52 in-8.
1334 2274 215 52 2
1377 2274 129 52 »

64 2318 198 61 2668.
196 2318 285 61 Combaé
415 2318 132 61 de
481 2318 373 61 Nazaredh,
789 2318 154 61 par
877 2318 132 61 le
942 2318 198 61 baron
1052 2318 154 61 Gros.

156 2369 135 57 1°
224 2369 180 57 Plan
337 2369 135 57 du
404 2369 225 57 combat
562 2369 135 57 de
629 2369 293 57 Nazareth,
854 2369 270 57 esquisse
1057 2369 270 57 coloriée
1237 2369 270 57 comprenant

111 2416 131 55 le
177 2416 175 55 plan
286 2416 218 55 donné,
439 2416 131 55 et
504 2416 131 55 la
570 2416 327 55 disposition
831 2416 262 55 générale
1028 2416 131 55 du
1093 2416 240 55 tableau
1268 2416 240 55 d’après
1421 2416 87 55 le

112 2464 188 69 plan,
237 2464 167 69 avec
341 2464 271 69 l’extrait
550 2464 125 69 du
612 2464 292 69 programme.
841 2464 167 69 Aut.
945 2464 167 69 sig.
1050 2464 104 69 1
1091 2464 229 69 feuille
1258 2464 167 69 in-4
1341 2464 167 69 oblong

114 2510 130 63 de
179 2510 130 63 30
245 2510 239 63 centim.
418 2510 130 63 de
484 2510 239 63 hauteur
657 2510 152 63 sur
744 2510 130 63 80
810 2510 130 63 de
853 2510 239 63 longueur.

155 2548 135 63 2°
223 2548 180 63 Plan
336 2548 135 63 du
403 2548 225 63 combat
561 2548 135 63 de
628 2548 270 63 Nazareth
831 2548 203 63 (l’un
966 2548 135 63 de
1033 2548 180 63 ceux
1146 2548 270 63 délivrés
1348 2548 158 63 par
1416 2548 90 63 le

112 2612 366 60 gouvernement
410 2612 183 60 pour
524 2612 137 60 le
593 2612 275 60 concours
799 2612 137 60 du
867 2612 252 60 tableau
1050 2612 137 60 de
1119 2612 137 60 ce
1188 2612 275 60 combat),
1371 2612 137 60 avec

113 2661 104 69 3
155 2661 166 69 lig.
259 2661 166 69 aut.
362 2661 166 69 sig.
466 2661 125 69 du
529 2661 229 69 général
695 2661 208 69 Junot,
840 2661 125 69 et
903 2661 145 69 une
986 2661 187 69 ligne
1110 2661 125 69 de
1173 2661 187 69 Gros.
1297 2661 104 69 1
1318 2661 187 69 feuille

113 2702 203 68 double
255 2702 224 68 in-fol.
418 2702 183 68 lavée
540 2702 122 68 et
580 2702 224 68 coloriée.

160 2718 124 113 3°
222 2718 124 113 L.
285 2718 166 113 sig.
388 2718 124 113 du
450 2718 248 113 ministre
636 2718 124 113 de
699 2718 311 113 l’intérieur
947 2718 248 113 Chaptal,
1133 2718 124 113 en
1195 2718 166 113 date
1299 2718 124 113 de
1340 2718 166 113 Paris,
