1640 3028
632 74 184 80 —
706 74 258 80 213
816 74 111 80 —

103 165 124 68 30
165 165 227 68 floréal
330 165 124 68 an
392 165 124 68 X.
454 165 103 68 1
495 165 124 68 p.
557 165 186 68 in-4.
681 165 124 68 Il
743 165 206 68 accède
887 165 289 68 volontiers
1114 165 103 68 à
1155 165 124 68 la
1217 165 227 68 demande
1362 165 144 68 qu’il

104 221 147 51 lui
188 221 105 51 a
230 221 189 51 faite
356 221 210 51 d’être
503 221 252 51 autorisé
692 221 105 51 à
734 221 231 51 peindre
901 221 168 51 dans
1006 221 126 51 le
1069 221 147 51 jeu
1153 221 126 51 de
1216 221 189 51 paume
1342 221 126 51 de
1384 221 126 51 Ver-

108 262 238 64 sailles,
287 262 119 64 le
346 262 218 64 tableau
505 262 119 64 de
565 262 119 64 la
624 262 238 64 bataille
803 262 119 64 de
843 262 218 64 Nazareth.

100 319 124 57 4°
162 319 165 57 Note
265 319 165 57 aut.
368 319 144 57 sur
450 319 124 57 le
512 319 185 57 musée
636 319 226 57 Charles
800 319 124 57 X.
862 319 103 57 2
903 319 124 57 p.
965 319 144 57 pl.
1027 319 144 57 in

103 358 126 68 5°
166 358 169 68 Note
272 358 190 68 aut.,
398 358 253 68 extraite
588 358 126 68 de
651 358 126 68 la
714 358 379 68 correspondance
1031 358 274 68 d’Egypte,
1241 358 126 68 p.
1284 358 126 68 104.

149 410 134 64 Au
216 410 179 64 camp
327 410 223 64 devant
483 410 179 64 Acre
595 410 245 64 (Akkà),
774 410 134 64 le
841 410 134 64 21
907 410 245 64 floréal
1086 410 134 64 an
1153 410 179 64 VII,
1242 410 268 64 Bonaparte,

100 461 246 60 général
278 461 134 60 en
345 461 201 60 chef,
479 461 134 60 au
546 461 313 60 Directoire
792 461 357 60 exécutif....
1082 461 223 60 Combat
1238 461 134 60 de
1283 461 223 60 Nazareth

101 499 408 67 (Nasséret)....
442 499 318 67 «Cependant
691 499 159 67 une
782 499 204 67 armée
918 499 295 67 nombreuse
1145 499 250 67 s’était
1326 499 182 67 mise
1417 499 91 67 en

104 569 238 49 «marche
277 569 130 49 de
342 569 216 49 Damas;
493 569 173 49 elle
601 569 194 49 passa
731 569 130 49 le
796 569 259 49 Jourdain
990 569 130 49 le
1055 569 151 49 17.
1142 569 367 49 L’avant-garde
1423 569 86 49 se

104 616 238 49 «battit
278 616 195 49 toute
408 616 130 49 la
473 616 238 49 journée
646 616 130 49 du
711 616 130 49 19
776 616 217 49 contre
927 616 130 49 le
992 616 238 49 général
1166 616 195 49 Junot
1295 616 173 49 qui,
1382 616 130 49 avec

102 653 212 64 «cinq
244 653 212 64 cents
385 653 235 64 hommes
549 653 165 64 des
644 653 282 64 deuxième
855 653 141 64 et
926 653 376 64 dix-neuvième
1208 653 306 64 demi-

103 710 204 50 «des,
240 710 136 50 la
308 710 159 50 mit
399 710 136 50 en
467 710 273 50 déroute,
671 710 159 50 lui
762 710 182 50 prit
876 710 182 50 cinq
989 710 273 50 drapeaux
1194 710 136 50 et
1262 710 250 50 couvrit
1421 710 91 50 le

106 752 220 64 «champ
260 752 132 64 de
326 752 264 64 bataille
524 752 132 64 de
590 752 220 64 morts;
744 752 220 64 combat
897 752 242 64 célèbre
1073 752 132 64 et
1139 752 154 64 qui
1227 752 176 64 fait
1315 752 198 64 honneur

105 800 154 69 «au
193 800 307 69 sang-froid
413 800 307 69 français...»

77 843 1147 63 Prix
793 843 860 63 50
1080 843 430 63 »

59 869 174 87 2669.
175 869 329 87 Cottin
446 869 155 87 (Mme
542 869 194 87 Sophie
678 869 387 87 Ristaud),
1007 869 213 87 célèbre
1162 869 194 87 auteur
1297 869 116 87 de
1336 869 174 87 romans:

104 937 318 57 Mathilde,
362 937 199 57 Claire
502 937 298 57 d’Albe,
740 937 159 57 etc.
839 937 119 57 L.
899 937 159 57 aut.
998 937 179 57 sig.,
1118 937 99 57 à
1157 937 119 57 M.
1217 937 199 57 Royer,
1336 937 179 57 notaire

104 986 117 56 à
150 986 329 56 Palaiseau.
409 986 305 56 Bagnerre,
643 986 141 56 18
714 986 282 56 ventôse.
925 986 117 56 1
972 986 141 56 p.
1043 986 164 56 pl.
1136 986 141 56 et
1207 986 211 56 demie
1324 986 188 56 tin

-11 1033 1247 55 Rare.
821 1033 832 55 20
1098 1033 416 55 »

60 1058 184 98 2670.
182 1058 389 98 Coupigay
510 1058 327 98 (A.-François
776 1058 164 98 de),
878 1058 184 98 poëte
1001 1058 123 98 et
1062 1058 205 98 auteur
1205 1058 307 98 dramatique.
1430 1058 82 98 L.

105 1128 185 58 aut.
221 1128 185 58 sig.
336 1128 231 58 Paris,
498 1128 139 58 15
568 1128 208 58 sept.
706 1128 208 58 1810.
845 1128 116 58 3
891 1128 139 58 p.
961 1128 162 58 pl.
1053 1128 139 58 et
1123 1128 208 58 quart
1262 1128 208 58 in-4.
1400 1128 116 58 3
1423 1128 93 58 50

152 1179 217 67 Lettre
304 1179 260 67 curieuse
499 1179 130 67 au
564 1179 195 67 sujet
694 1179 130 67 de
759 1179 130 67 la
824 1179 282 67 fondation
1040 1179 130 67 de
1105 1179 130 67 la
1170 1179 238 67 société
1322 1179 195 67 philar

77 1227 265 65 monique.

63 1239 199 98 2671.
195 1239 287 98 Cousin
416 1239 375 98 d’Avalon,
725 1239 221 98 fécond
879 1239 353 98 compilateur,
1166 1239 221 98 auteur
1320 1239 132 98 de
1365 1239 154 98 pres

108 1327 143 52 que
189 1327 164 52 tous
292 1327 143 52 les
373 1327 307 52 Ana
619 1327 266 52 Quittance
823 1327 164 52 aut.
925 1327 164 52 sig.
1027 1327 164 52 pour
1130 1327 123 52 le
1191 1327 164 52 prix
1293 1327 164 52 d’un
1375 1327 143 52 manu-

107 1368 196 53 scrit:
245 1368 372 53 Dictionnuire
558 1368 333 53 philosophique
832 1368 118 53 et
891 1368 411 53 étymologique
1244 1368 196 53 Paris,
1381 1368 98 53 4
1400 1368 118 53 août

86 1418 390 52 1820.
346 1418 217 52 1
433 1418 260 52 p.
563 1418 347 52 in-8
780 1418 260 52 en
910 1418 521 52 travers.
1300 1418 217 52 2
1344 1418 174 52 50

64 1439 201 94 2672.
198 1439 336 94 Cubières
466 1439 425 94 Palmézeaux,
824 1439 224 94 poëte.
981 1439 291 94 Imitation
1205 1439 246 94 (quatre
1361 1439 157 94 vers)

113 1502 170 66 d’un
219 1502 255 66 distique
410 1502 191 66 latin
538 1502 128 66 de
602 1502 128 66 M.
666 1502 234 66 Closet.
836 1502 170 66 aut.
942 1502 191 66 sig.,
1070 1502 213 66 petite
1218 1502 128 66 p.
1282 1502 213 66 in-18.
1431 1502 106 66 2
1452 1502 64 66 »

61 1540 176 81 2673.
179 1540 333 81 Cuvier
453 1540 137 81 (le
532 1540 176 81 baron
649 1540 255 81 Georges),
845 1540 215 81 célèbre
1002 1540 313 81 naturaliste.
1256 1540 118 81 L.
1315 1540 157 81 aut.
1393 1540 118 81 sig.

97 1614 363 60 Paris,
351 1614 218 60 26
460 1614 472 60 novembre.
823 1614 181 60 1
895 1614 218 60 p.
1004 1614 254 60 pl.
1149 1614 327 60 in-4.
1367 1614 181 60 5
1403 1614 109 60 »

63 1652 177 76 2674.
181 1652 334 76 Cuvier
456 1652 157 76 (Mme
554 1652 118 76 la
613 1652 255 76 baronne),
809 1652 177 76 femme
927 1652 118 76 du
986 1652 314 76 naturaliste.
1241 1652 118 76 L.
1300 1652 157 76 aut.
1379 1652 137 76 sig.,

101 1697 154 59 à
163 1697 276 59 Mlle.
347 1697 246 59 ....
501 1697 184 59 16
593 1697 338 59 janvier
838 1697 276 59 1819.
1023 1697 154 59 2
1084 1697 184 59 p.
1176 1697 276 59 in-4.
1360 1697 154 59 2
1391 1697 123 59 50

63 1728 184 81 2675.
185 1728 368 81 Darcet,
492 1728 205 81 savant
635 1728 266 81 chimiste.
840 1728 225 81 Rapport
1004 1728 143 81 sur
1085 1728 164 81 deux
1188 1728 327 81 échantillons
1433 1728 82 81 de

109 1799 235 65 métal,
273 1799 188 65 dont
390 1799 141 65 un
461 1799 164 65 est
555 1799 164 65 une
649 1799 258 65 matière
837 1799 141 65 de
907 1799 211 65 canon
1048 1799 258 65 raffiné
1236 1799 141 65 du
1307 1799 211 65 métal
1424 1799 94 65 de

111 1844 228 72 cloche,
277 1844 228 72 l'autre
442 1844 124 72 un
504 1844 186 72 culot
628 1844 310 72 métallique,
877 1844 207 72 réduit
1022 1844 145 72 des
1104 1844 228 72 scories
1270 1844 124 72 de
1332 1844 124 72 ce
1373 1844 145 72 métal

112 1894 228 63 affiné.
278 1894 207 63 Paris,
423 1894 103 63 8
464 1894 248 63 prairial
650 1894 124 63 an
712 1894 145 63 II,
795 1894 165 63 aut.
898 1894 165 63 sig.
1002 1894 103 63 1
1043 1894 124 63 p.
1105 1894 124 63 et
1167 1894 186 63 quart
1291 1894 186 63 in-4.
1416 1894 103 63 2
1436 1894 83 63 50

65 1931 185 65 2676.
189 1931 410 65 Delalive,
537 1931 328 65 introducteur
804 1931 144 65 des
886 1931 349 65 ambassadeurs.
1173 1931 205 65 Paris,
1317 1931 103 65 4
1337 1931 185 65 janvier

68 1997 594 63 1817.
464 1997 330 63 1
596 1997 396 63 p.
794 1997 594 63 in-8.
1191 1997 330 63 1
1257 1997 264 63 50

65 2028 184 75 2677.
187 2028 408 75 Delavigne
534 2028 286 75 (Casimir),
759 2028 184 75 poëte
881 2028 225 75 lyrique
1044 2028 122 75 et
1106 2028 306 75 dramatique.
1351 2028 122 75 L.
1392 2028 122 75 aut.

104 2087 236 64 sig.
251 2087 295 64 Paris.
457 2087 177 64 25
546 2087 324 64 février
782 2087 265 64 1835.
959 2087 147 64 1
1018 2087 177 64 p.
1106 2087 206 64 pl.
1224 2087 265 64 in-8.
1401 2087 147 64 4
1431 2087 88 64 »

71 2133 171 58 2678.
185 2133 400 58 Demnautor,
528 2133 191 58 poëte,
662 2133 305 58 chansonnier.
909 2133 171 58 La
1024 2133 305 58 Routine
1271 2133 210 58 chanson
1405 2133 114 58 aut.

66 2182 554 63 sig.
412 2182 346 63 3
551 2182 416 63 p.
758 2182 623 63 in-8.
1174 2182 346 63 2
1243 2182 277 63 50

64 2209 202 85 2679.
198 2209 315 85 Désirée
446 2209 427 85 Bernadotte,
805 2209 202 85 reine
940 2209 135 85 de
1007 2209 225 85 Suède.
1165 2209 135 85 L.
1232 2209 180 85 aut.
1344 2209 202 85 sig.,
1457 2209 67 85 à

111 2276 232 75 madame
273 2276 139 75 la
342 2276 208 75 baron
481 2276 139 75 ne
551 2276 208 75 Fanny
690 2276 139 75 de
759 2276 278 75 Lambert,
967 2276 116 75 à
1014 2276 232 75 Paris,
1176 2276 139 75 30
1245 2276 162 75 mai
1338 2276 208 75 1824.
1454 2276 69 75 4

94 2322 278 64 gr.
253 2322 238 64 p.
372 2322 278 64 pl.
531 2322 358 64 in-4.
770 2322 676 64 Intéressante.
1326 2322 199 64 7
1366 2322 159 64 50

65 2364 189 74 2680.
191 2364 442 74 Donizetti,
570 2364 231 74 célèbre
738 2364 336 74 compositeur.
1011 2364 168 74 Mort
1116 2364 210 74 aliéné
1264 2364 126 74 en
1327 2364 189 74 1848.
1432 2364 84 74 L.

102 2433 252 59 aut.
260 2433 284 59 sig.,
449 2433 158 59 à
513 2433 284 59 M....
702 2433 252 59 Sans
860 2433 284 59 datc.
1049 2433 158 59 1
1112 2433 189 59 p.
1207 2433 284 59 in-8.
1396 2433 158 59 3
1427 2433 95 59 »

65 2468 185 87 2681.
189 2468 308 87 Doze
435 2468 247 87 (Aimée),
620 2468 164 87 dame
723 2468 185 87 Roger
847 2468 123 87 de
908 2468 267 87 Beauvoir,
1114 2468 226 87 actrice
1278 2468 123 87 du
1319 2468 206 87 Theâtre

110 2523 328 65 Français.
362 2523 151 65 L.
438 2523 202 65 aut.
564 2523 202 65 sig.
690 2523 227 65 Jeudi
841 2523 252 65 matin.
1018 2523 126 65 1
1068 2523 151 65 p.
1144 2523 151 65 et
1219 2523 252 65 demie.
1396 2523 126 65 1
1421 2523 101 65 50

66 2572 196 58 2682.
197 2572 261 58 Dreux
393 2572 283 58 Brézé
611 2572 153 58 (le
698 2572 240 58 marquis
872 2572 174 58 de),
981 2572 349 58 grand-maître
1265 2572 153 58 des
1330 2572 196 58 cérémo

113 2628 185 67 nies
229 2628 139 67 au
298 2628 232 67 moment
460 2628 139 67 de
530 2628 139 67 la
599 2628 347 67 Révolution.
877 2628 139 67 L.
946 2628 185 67 aut.
1062 2628 185 67 sig.
1178 2628 232 67 Paris,
1340 2628 139 67 25
1386 2628 139 67 sep-

92 2665 525 60 tembre.
474 2665 430 60 1772,
760 2665 239 60 2
856 2665 286 60 p.
999 2665 430 60 in-4.
1285 2665 239 60 2
1333 2665 191 60 50

70 2716 167 77 2683.
182 2716 370 77 Duboccage
496 2716 278 77 (Anne-Marie
718 2716 352 77 Lepage),
996 2716 148 77 poëte.

162 2737 129 113 1°
227 2737 129 113 L.
292 2737 194 113 aut.;
421 2737 129 113 au
486 2737 194 113 comte
616 2737 302 113 Algarotti,
853 2737 237 113 Naples,
1026 2737 129 113 10
1090 2737 237 113 octobre
1263 2737 194 113 1757,
1393 2737 108 113 2
1414 2737 108 113 gr.
