1569 2985
629 74 184 100 —
703 74 257 100 216
813 74 110 100 —

102 166 293 73 bouteilles
332 166 355 73 d’eau-de-vie,
625 166 105 73 —
667 166 146 73 800
750 166 293 73 bouteilles
980 166 125 73 de
1043 166 209 73 bière,
1189 166 105 73 —
1231 166 125 73 80
1294 166 209 73 livres
1419 166 84 73 de

103 225 175 57 sel,
213 225 131 57 et
278 225 131 57 le
344 225 175 57 bois
454 225 131 57 et
519 225 131 57 la
585 225 219 57 paille
738 225 329 57 nécessaires
1001 225 175 57 pour
1111 225 131 57 le
1176 225 241 57 bivouac
1352 225 131 57 de
1395 225 110 57 800

109 270 201 67 hommes,
255 270 164 67 de
364 270 164 67 suite
474 270 110 67 et
529 270 128 67 sur
602 270 110 67 le
657 270 164 67 chant
766 270 146 67 sous
857 270 164 67 peine
967 270 274 67 d’exécution
1168 270 292 67 militaire

59 328 171 67 2711.
173 328 400 67 Jacquelin,
516 328 190 67 poëte,
649 328 304 67 chansonnier.
896 328 190 67 Les
1029 328 152 67 amis
1124 328 152 67 sont
1220 328 228 67 là,
1372 328 133 67 chan-

97 373 381 54 sonnette.
389 373 234 54 Aut.
536 373 234 54 sig.
682 373 146 54 2
741 373 176 54 p.
829 373 205 54 pl.
946 373 176 54 et
1034 373 263 54 demie
1209 373 263 54 in-4.
1385 373 146 54 4
1414 373 88 54 »

59 415 165 62 2712.
169 415 312 62 Joanny
425 415 312 62 (Jean-Bernard
682 415 422 62 Brissebarre
1049 415 165 62 dit),
1159 415 183 62 acteur
1287 415 220 62 tragique
1434 415 73 62 du

107 468 408 60 Théâtre-Français.
456 468 116 60 Né
514 468 97 60 à
553 468 311 60 Dijon
805 468 311 60 (Côte-d’Or).
1058 468 116 60 L.
1116 468 155 60 aut.
1213 468 155 60 sig.
1291 468 213 60 Toulouse,

106 519 101 54 7
146 519 223 54 janvier
309 519 183 54 1819.
430 519 101 54 1
471 519 122 54 p.
532 519 142 54 pl.
613 519 122 54 et
674 519 183 54 quart
796 519 183 54 in-4.
917 519 162 54 Deux
1019 519 203 54 portr.
1161 519 203 54 lith.,
1303 519 122 54 et
1344 519 162 54 notice

103 564 204 58 impr.
239 564 136 58 de
307 564 136 58 la
375 564 249 58 galerie
556 564 136 58 de
624 564 136 58 la
692 564 226 58 Presse
850 564 340 58 (collection
1122 564 136 58 du
1190 564 204 58 baron
1326 564 136 58 de
1371 564 136 58 Tré-

-12 619 1380 60 mont).
954 619 690 60 5
1092 619 414 60 »

155 647 239 85 Affaires
334 647 299 85 théâtrales,
573 647 259 85 nouvelles
772 647 119 85 de
832 647 219 85 Perlet,
991 647 159 85 etc.
1091 647 119 85 Il
1151 647 139 85 lui
1230 647 219 85 annonce
1370 647 139 85 qu’on

106 706 145 60 lui
189 706 228 60 accorde
355 706 145 60 les
438 706 125 60 20
501 706 145 60 000
584 706 145 60 fr.
667 706 125 60 au
729 706 208 60 second
874 706 228 60 théâtre
1020 706 228 60 français.

58 757 176 72 2713.
176 757 391 72 Joinville
508 757 254 72 (François
704 757 274 72 d’Orléans,
919 757 196 72 prince
1056 757 156 72 de).
1154 757 196 72 Billet
1291 757 156 72 aut.
1369 757 137 72 sig.:

96 812 307 52 Fr.
311 812 337 52 O.
556 812 153 52 à
618 812 184 52 M.
710 812 337 52 Hernoux
955 812 215 52 1/2
1078 812 184 52 p.
1170 812 307 52 in-18.
1384 812 153 52 5
1415 812 92 52 »

155 850 327 59 Rendez-vous
417 850 174 59 pour
526 850 196 59 aller
657 850 131 59 au
700 850 262 59 spectacle.

58 889 187 77 2714.
183 889 436 77 Joséphine,
556 889 311 77 impératrice
805 889 145 77 des
888 889 270 77 Français.
1096 889 125 77 L.
1158 889 187 77 sig.,
1283 889 104 77 à
1324 889 125 77 M.
1366 889 145 77 Fran

108 952 168 57 çais
213 952 147 57 (de
297 952 251 57 Nantes),
485 952 272 57 directeur
694 952 147 57 des
778 952 209 57 Droits
925 952 209 57 réunis
1071 952 147 57 (au
1155 952 147 57 bas
1239 952 126 57 se
1302 952 209 57 trouve
1427 952 84 57 la

106 1005 223 51 minute
262 1005 134 51 de
328 1005 134 51 la
395 1005 245 51 réponse
573 1005 134 51 de
640 1005 312 51 celui-ci).
885 1005 312 51 Malmaison,
1130 1005 134 51 20
1196 1005 245 51 octobre
1352 1005 156 51 1809.

60 1046 898 50 Demi-page
751 1046 622 50 in-4.
1166 1046 346 50 4
1235 1046 276 50 50

60 1085 195 67 2715.
190 1085 389 67 Jourdan
514 1085 151 67 (le
601 1085 238 67 comte),
774 1085 259 67 maréchal
968 1085 130 67 de
1033 1085 238 67 France.
1206 1085 130 67 L.
1271 1085 173 67 aut.
1358 1085 151 67 sig.,

107 1138 207 54 comme
245 1138 207 54 maire
383 1138 138 54 de
452 1138 138 54 la
521 1138 253 54 commune
705 1138 138 54 de
774 1138 529 54 Soisy-sous-Etioles.
1211 1138 299 54 Soisy-

101 1192 352 53 Etioles,
365 1192 176 53 le
453 1192 147 53 9
512 1192 323 53 février
747 1192 264 53 1829.
923 1192 147 53 1
981 1192 206 53 gr.
1099 1192 176 53 p.
1187 1192 264 53 in-4.
1363 1192 147 53 3
1393 1192 117 53 50

65 1239 163 60 2716.
173 1239 289 60 Jouy,
408 1239 181 60 auteur
535 1239 108 60 de
589 1239 271 60 l'Ermite
806 1239 108 60 de
860 1239 108 60 la
914 1239 452 60 Chaussée-d’Antin
1311 1239 163 60 etc.,
1402 1239 108 60 mem

110 1288 134 57 bre
186 1288 115 57 de
244 1288 268 57 l’Académie
454 1288 268 57 Française.
665 1288 172 57 Le
779 1288 191 57 Rosier
913 1288 115 57 et
971 1288 115 57 le
1028 1288 306 57 Figuier
1277 1288 191 57 fable.
1391 1288 115 57 Aut.

71 1336 480 48 sig.
371 1336 300 48 1
491 1336 360 48 p.
671 1336 420 48 pl.
911 1336 540 48 in-4.
1271 1336 300 48 5
1331 1336 180 48 »

61 1371 186 73 2717.
185 1371 330 73 Jusuf
453 1371 144 73 (le
536 1371 268 73 général),
742 1371 124 73 le
804 1371 227 73 célèbre
969 1371 289 73 commandant
1196 1371 144 73 des
1279 1371 227 73 spahis.
1423 1371 83 73 L.

59 1433 581 53 sig.
423 1433 363 53 2
568 1433 436 53 p.
786 1433 654 53 in-8.
1221 1433 363 53 2
1294 1433 218 53 »

65 1472 189 70 2718.
191 1472 440 70 Kalekreutz
568 1472 147 70 (le
652 1472 231 70 comte),
819 1472 251 70 maréchal
1008 1472 272 70 prussien.
1218 1472 126 70 L.
1280 1472 168 70 aut.
1364 1472 147 70 sig.,

110 1523 110 53 à
154 1523 132 53 M.
220 1523 132 53 de
286 1523 351 53 Clérembault,
571 1523 219 53 consul
724 1523 241 53 général
900 1523 132 53 de
966 1523 307 53 l’empereur
1207 1523 263 53 Napoléon
1382 1523 132 53 près

106 1574 136 52 S.
174 1574 136 52 M.
242 1574 136 52 le
310 1574 159 52 roi
401 1574 136 52 de
469 1574 249 52 Prusse.
650 1574 340 52 Kœnigsberg,
923 1574 113 52 5
968 1574 159 52 mai
1059 1574 204 52 1809.
1195 1574 113 52 1
1240 1574 136 52 p.
1308 1574 181 52 in-4
1421 1574 113 52 5
1444 1574 68 52 »

157 1612 123 69 Il
219 1612 144 69 lui
301 1612 164 69 rend
404 1612 185 69 mille
527 1612 205 69 grâces
671 1612 164 69 pour
774 1612 308 69 l’attention
1020 1612 267 69 itérative
1225 1612 164 69 dont
1328 1612 123 69 il
1369 1612 144 69 l’ho-

111 1669 191 53 nore,
238 1669 128 53 en
302 1669 149 53 lui
387 1669 340 53 communiquant
664 1669 170 53 sans
770 1669 213 53 retard
919 1669 128 53 la
983 1669 191 53 suite
1111 1669 149 53 des
1196 1669 277 53 victoires
1387 1669 128 53 glo-

111 1718 237 60 rieuses
284 1718 151 60 que
370 1718 129 60 Sa
435 1718 237 60 Majesté
607 1718 302 60 l’empereur
845 1718 129 60 et
909 1718 173 60 roi,
1017 1718 151 60 son
1103 1718 237 60 auguste
1254 1718 259 60 souverain,

107 1762 205 59 vient
244 1762 137 59 de
290 1762 273 59 remporter.

61 1801 195 72 2719.
192 1801 456 72 Kalekreutz
582 1801 152 72 (le
669 1801 195 72 comte
800 1801 174 72 de),
908 1801 195 72 major
1038 1801 130 72 de
1103 1801 130 72 la
1169 1801 282 72 cavalerie
1364 1801 152 72 prus

108 1860 253 50 sienne.
292 1860 138 50 L.
361 1860 184 50 aut.
477 1860 207 50 sig.,
615 1860 115 50 à
661 1860 138 50 M.
730 1860 138 50 de
799 1860 369 50 Clérembault,
1098 1860 230 50 consul
1260 1860 253 50 général
1421 1860 92 50 de

108 1902 317 64 l’empereur
358 1902 295 64 Napoléon,
584 1902 181 64 près
697 1902 136 64 S.
765 1902 136 64 M.
833 1902 136 64 le
901 1902 159 64 roi
992 1902 136 64 de
1060 1902 249 64 prusse.
1218 1902 295 64 Kœnigsberg,

102 1950 144 56 3
160 1950 317 56 février
390 1950 259 56 1809.
563 1950 144 56 1
620 1950 173 56 p.
707 1950 202 56 pl.
822 1950 202 56 1/2
937 1950 259 56 in-4.
1110 1950 317 56 Cachet.
1340 1950 144 56 6
1398 1950 144 56 3
1427 1950 86 56 »

65 1991 184 75 2720.
187 1991 388 75 Klébert,
513 1991 224 75 général
677 1991 122 75 en
738 1991 163 75 chef
840 1991 122 75 de
901 1991 224 75 l’armée
1064 1991 265 75 d’Egypte.
1268 1991 204 75 Billet
1411 1991 122 75 de
1452 1991 61 75 7

106 2049 224 49 lignes
262 2049 179 49 aut.
374 2049 201 49 sig.,
509 2049 134 49 au
576 2049 313 49 citoven...
822 2049 134 49 30
889 2049 291 49 germinal.
1113 2049 112 49 1
1158 2049 134 49 p.
1225 2049 179 49 in-8
1337 2049 134 49 en
1382 2049 134 49 tra-

68 2094 543 73 vers.
430 2094 966 73 Intéressant.
1214 2094 302 73 2
1275 2094 241 73 75

58 2134 194 67 2721.
188 2134 454 67 Kosciusko,
577 2134 238 67 célèbre
750 2134 238 67 général
923 2134 281 67 polonais.
1139 2134 173 67 Deux
1247 2134 216 67 lignes
1376 2134 130 67 aut.

108 2195 166 62 sig.
212 2195 145 62 (La
295 2195 331 62 souscription
564 2195 124 62 et
626 2195 124 62 la
688 2195 269 62 signature
895 2195 269 62 découpées
1102 2195 186 62 d’une
1226 2195 207 62 lettre
1350 2195 166 62 in

80 2240 495 52 Paris,
426 2240 297 52 21
574 2240 544 52 ventôse
970 2240 297 52 an
1118 2240 346 52 IX.
1316 2240 247 52 2
1366 2240 148 52 »

60 2278 184 77 2722.
183 2278 328 77 Kosen
449 2278 144 77 (le
531 2278 226 77 général
695 2278 226 77 russe).
859 2278 185 77 Pièce
982 2278 185 77 sig.,
1105 2278 164 77 pour
1208 2278 308 77 fournitures
1433 2278 82 77 de

104 2339 220 59 vivres
258 2339 220 59 Voisin
411 2339 132 59 le
477 2339 329 59 Bretonneux,
741 2339 176 59 près
850 2339 307 59 Saint-Cyr,
1092 2339 132 59 le
1158 2339 198 59 10-22
1289 2339 154 59 mai
1355 2339 154 59 1814.

77 2387 248 61 4
177 2387 297 61 p.
325 2387 595 61 ini-fol.
771 2387 545 61 Cachet.
1218 2387 248 61 -
1317 2387 248 61 3
1366 2387 149 61 »

60 2437 179 72 2723.
180 2437 259 72 Labbey
379 2437 120 72 de
439 2437 359 72 Pompières,
738 2437 199 72 député
877 2437 120 72 de
937 2437 379 72 l'Aisne
1256 2437 120 72 L.
1316 2437 159 72 aut.
1395 2437 120 72 sig.

26 2491 496 64 4
224 2491 595 64 p.
522 2491 893 64 in-4.
1117 2491 496 64 2
1216 2491 298 64 »

59 2536 179 68 2724.
178 2536 377 68 Lacépède
496 2536 139 68 (le
575 2536 179 68 comte
694 2536 159 68 de),
794 2536 337 68 fiaturaliste,
1071 2536 198 68 membre
1210 2536 119 68 de
1250 2536 258 68 l'Institut.

103 2590 125 60 L.
166 2590 166 60 aut.
269 2590 187 60 sig.,
394 2590 104 60 à
435 2590 145 60 son
518 2590 311 60 confrère...
768 2590 125 60 22
830 2590 249 60 prairial
1017 2590 125 60 an
1079 2590 166 60 VII.
1183 2590 104 60 1
1224 2590 125 60 p.
1287 2590 187 60 in-4.
1411 2590 104 60 2
1432 2590 83 60 50

149 2637 243 69 Dessins
326 2637 133 69 et
392 2637 266 69 gravures
592 2637 177 69 pour
702 2637 155 69 ses
769 2637 243 69 ouvrages.

54 2693 205 70 2725.
191 2693 593 70 Lachabeaussière
716 2693 570 70 (Anne-Etienne-Xavier,
1217 2693 251 70 Poisson
1377 2693 137 70 de),

102 2746 208 50 auteur
248 2746 312 50 dramatique.
497 2746 291 50 Axémia,
726 2746 125 50 ou
788 2746 145 50 les
871 2746 353 50 Sauvages,
1162 2746 229 50 comédie
1328 2746 125 50 en
1370 2746 145 50 trois

104 2789 171 94 actes
218 2789 114 94 et
275 2789 114 94 en
333 2789 191 94 prose,
466 2789 171 94 mélée
580 2789 667 94 d’ariettes...—-Carolins;
1190 2789 210 94 comédie
1343 2789 114 94 en
1381 2789 133 94 trois
