1593 2939
595 52 181 97 —
667 52 253 97 217
776 52 108 97 —

70 129 209 74 actes,
217 129 126 74 en
279 129 209 74 prose,
426 129 188 74 mêlée
552 129 314 74 d’ariettes.
803 129 293 74 Manuscrits
1033 129 168 74 aut.
1138 129 147 74 Ces
1222 129 209 74 pièces
1347 129 126 74 sont

67 204 323 60 approuvées
321 204 161 60 par
413 204 207 60 Suard
551 204 184 60 pour
666 204 184 60 être
782 204 392 60 représentées,
1104 204 138 60 et
1173 204 323 60 imprimées,
1404 204 69 60 à

66 248 223 59 Paris,
222 248 134 59 le
289 248 134 59 23
356 248 201 59 avril
490 248 201 59 1787,
623 248 134 59 et
690 248 134 59 le
757 248 134 59 27
824 248 290 59 septembre
1047 248 201 59 1789.
1181 248 112 59 —
1226 248 134 59 La
1270 248 201 59 seconde

69 288 194 63 pièce
199 288 151 63 est
285 288 215 63 signée
436 288 151 63 par
522 288 237 63 Bailly,
694 288 194 63 comme
824 288 194 63 maire
953 288 129 63 de
1018 288 215 63 Paris,
1168 288 129 63 le
1233 288 129 63 30
1276 288 194 63 septem-

67 340 151 57 bre
154 340 195 57 1789.
284 340 130 57 En
349 340 173 57 tête
457 340 130 57 se
522 340 216 57 trouve
673 340 151 57 une
759 340 216 57 lettre
911 340 173 57 aut.
1019 340 173 57 sig.
1127 340 130 57 de
1192 340 130 57 la
1235 340 238 57 Chabeaus-

67 392 216 61 sière,
219 392 195 61 1818.
349 392 108 61 1
392 392 130 61 p.
457 392 195 61 in-4.
587 392 173 61 Beau
695 392 216 61 volume
846 392 216 61 relié,
998 392 151 61 dos
1084 392 130 61 et
1149 392 195 61 coins
1279 392 130 61 de
1323 392 151 61 maro-

31 448 519 49 quin,
377 448 461 49 doré
665 448 346 49 en
838 448 519 49 tête.
1184 448 346 49 20
1299 448 173 49 »

17 476 195 74 2726.
147 476 454 74 Lacordaire
537 476 476 74 (Henri-Dominique),
948 476 238 74 célèbre
1121 476 346 74 prédicateur.
1380 476 87 74 L.

58 533 251 56 aut.
215 533 251 56 sig.
372 533 314 56 Paris,
592 533 189 56 15
686 533 220 56 mai
812 533 283 56 1848.
1001 533 157 56 1
1063 533 189 56 p.
1158 533 283 56 in-4.
1346 533 157 56 5
1378 533 94 56 »

18 575 195 67 2727.
148 575 456 67 Lacretelle
539 575 304 67 (Charles),
778 575 304 67 historien,
1016 575 217 67 membre
1168 575 130 67 de
1212 575 260 67 l’Académie

65 631 303 85 Française.
303 631 130 85 L.
368 631 173 85 aut.
477 631 195 85 sig.,
606 631 108 85 à
650 631 151 85 son
736 631 325 85 collègue...
996 631 151 85 Bel
1082 631 151 85 air
1169 631 151 85 par
1256 631 216 85 Malot,
1385 631 87 85 13

49 684 366 54 sept.
293 684 203 54 1
375 684 244 54 p.
497 684 285 54 pl.
659 684 244 54 et
782 684 366 54 demie
1026 684 366 54 in-4.
1270 684 203 54 2
1310 684 163 54 50

20 717 184 96 2728.
142 717 368 96 Landais
449 717 307 96 (Napoléon),
694 717 327 96 grammairien.
960 717 123 96 L.
1021 717 164 96 aut.
1123 717 164 96 sig.
1226 717 204 96 Paris,
1369 717 102 96 1
1389 717 82 96 p.

-51 775 1247 51 in-8.
781 775 693 51 1
920 775 554 51 50

20 820 190 68 2729.
146 820 379 68 Lavater
462 820 400 68 (Jean-Gaspard),
800 820 253 68 ministre
989 820 316 68 protestant,
1242 820 211 68 auteur
1369 820 105 68 des

67 860 254 67 Essais
263 860 508 67 physiognomoniques
712 860 195 67 Billet
849 860 117 67 de
907 860 98 67 3
947 860 195 67 lignes
1083 860 156 67 aut.
1181 860 156 67 sig.
1279 860 137 67 (en
1337 860 137 67 alle-

55 914 345 60 mand),
297 914 311 60 1791.
504 914 345 60 In-18,
746 914 449 60 entourage
1091 914 345 60 gravé.
1333 914 173 60 4
1367 914 104 60 »

19 955 189 77 2730.
145 955 358 77 Lavau,
440 955 337 77 grammairien.
713 955 126 77 L.
777 955 168 77 aut.
882 955 168 77 sig.
987 955 316 77 Versailles,
1240 955 189 77 1807.
1366 955 105 77 1
1387 955 84 77 p.

-25 1016 1153 54 in-4.7
782 1016 576 54 5
1012 1016 576 54 2
1127 1016 346 54 »

21 1042 181 104 2731.
142 1042 181 104 Le
263 1042 282 104 Brun,
484 1042 121 104 3e
545 1042 202 104 consul
686 1042 121 104 de
746 1042 121 104 la
807 1042 302 104 République,
1049 1042 141 104 duc
1129 1042 121 104 de
1190 1042 282 104 Plaisance.
1391 1042 81 104 L.

61 1108 226 54 aut.
202 1108 226 54 sig.
344 1108 283 54 Paris,
542 1108 142 54 9
599 1108 340 54 messidor
853 1108 170 54 an
938 1108 170 54 X.
1023 1108 142 54 1
1080 1108 170 54 p.
1165 1108 255 54 in-4.
1334 1108 142 54 2
1363 1108 113 54 50

20 1154 192 92 2732.
148 1154 406 92 Lelièvre
490 1154 150 92 (le
576 1154 299 92 commandant
811 1154 171 92 H.),
918 1154 128 92 le
982 1154 278 92 défenseur
1196 1154 128 92 de
1239 1154 235 92 Mazagran.

61 1205 170 53 L.
146 1205 226 53 aut.
287 1205 226 53 sig.
428 1205 283 53 Paris,
626 1205 170 53 11
711 1205 226 53 juin
853 1205 255 53 1843.
1022 1205 141 53 1
1079 1205 170 53 p.
1164 1205 255 53 in-8.
1334 1205 141 53 1
1362 1205 113 53 50

17 1248 196 78 2733.
148 1248 436 78 Lemercier
518 1248 327 78 (Népomucène
780 1248 174 78 L.),
889 1248 218 78 membre
1041 1248 131 78 de
1107 1248 305 78 l’Académie
1324 1248 153 78 Fran-

71 1305 190 64 çaise.
204 1305 114 64 L.
261 1305 152 64 aut.
356 1305 171 64 sig.,
470 1305 95 64 à
508 1305 133 64 son
584 1305 247 64 confrère.
774 1305 114 64 25
830 1305 209 64 juillet
982 1305 171 64 1836.
1096 1305 95 64 1
1134 1305 114 64 p.
1191 1305 133 64 1/2
1267 1305 171 64 in-4.
1381 1305 95 64 1
1400 1305 76 64 50

20 1352 182 72 2734.
141 1352 182 72 Le
262 1352 243 72 Pan,
445 1352 324 72 littérateur,
707 1352 202 72 auteur
849 1352 182 72 d’une
970 1352 142 72 vie
1051 1352 121 72 de
1112 1352 263 72 Voltaire,
1314 1352 121 72 et
1355 1352 121 72 d’un

67 1415 325 57 commentaire
328 1415 152 57 sur
414 1415 152 57 ses
501 1415 304 57 tragédies.
740 1415 130 57 L.
805 1415 174 57 aut.
913 1415 195 57 sig.,
1043 1415 108 57 à
1087 1415 217 57 Grimod
1238 1415 130 57 de
1304 1415 130 57 la
1347 1415 130 57 Rey-

70 1452 204 92 nière.
212 1452 204 92 Paris,
355 1452 122 92 18
416 1452 204 92 nivôse
559 1452 122 92 an
620 1452 183 92 VIII.
742 1452 102 92 1
783 1452 143 92 gr.
865 1452 122 92 p.
926 1452 143 92 pl.
1007 1452 183 92 in-4.
1130 1452 306 92 Littérature
1354 1452 122 92 dra-

-19 1503 1281 59 matique.
942 1503 534 59 2
1049 1503 427 59 50

19 1552 185 76 2735.
143 1552 431 76 L’Hospital
512 1552 226 76 (Michel
677 1552 164 76 de),
780 1552 288 76 chancelier
1006 1552 123 76 de
1067 1552 226 76 France.
1231 1552 123 76 Né
1293 1552 103 76 à
1314 1552 164 76 Aigue-

67 1608 205 55 perse
204 1608 136 55 en
272 1608 205 55 1505.
408 1608 182 55 Mort
522 1608 136 55 en
590 1608 205 55 1573.
727 1608 136 55 L.
795 1608 182 55 aut.
909 1608 182 55 sig.
1022 1608 159 55 (en
1113 1608 250 55 latin),
1295 1608 114 55 à
1341 1608 136 55 M.
1386 1608 91 55 de

70 1661 251 54 Malassis,
263 1661 270 54 conseiller
475 1661 116 54 du
533 1661 135 54 roi
610 1661 116 54 en
668 1661 135 54 son
745 1661 174 54 privé
861 1661 232 54 Conseil.
1035 1661 174 54 De
1151 1661 193 54 Vigny,
1267 1661 212 54 notre

69 1701 224 62 petit
237 1701 299 62 domaine
480 1701 112 62 le
536 1701 93 62 4
574 1701 205 62 janvier
723 1701 168 62 1571.
835 1701 93 62 2
872 1701 131 62 gr.
947 1701 112 62 p.
1003 1701 205 62 in-fol.
1153 1701 205 62 (Cachet
1283 1701 187 62 enlevé).

48 1755 449 63 Superbe
375 1755 245 63 et
497 1755 531 63 précieuse
905 1755 449 63 lettre.
1232 1755 286 63 120
1355 1755 122 63 »

115 1793 216 67 Chaque
267 1793 173 67 jour
375 1793 151 67 lui
461 1793 259 67 démontre
656 1793 130 67 de
721 1793 173 67 plus
829 1793 130 67 en
893 1793 173 67 plus
1002 1793 324 67 l’affection
1261 1793 195 67 qu’il
1369 1793 108 67 lui

67 1855 198 50 porte
199 1855 132 50 et
265 1855 176 50 dont
375 1855 132 50 il
442 1855 154 50 n’a
530 1855 220 50 jamais
684 1855 220 50 douté.
838 1855 132 50 Ce
904 1855 132 50 ne
970 1855 176 50 sont
1080 1855 154 50 pas
1169 1855 286 50 seulement
1367 1855 110 50 ses

68 1899 228 54 lettres
234 1899 124 54 si
296 1899 311 54 obligeantes
545 1899 124 54 et
608 1899 124 54 si
670 1899 290 54 honorables
898 1899 166 54 dont
1002 1899 166 54 tous
1106 1899 145 54 les
1189 1899 166 54 mots
1292 1899 145 54 lui
1355 1899 124 54 sont

67 1949 291 60 précieux,
291 1949 135 60 il
358 1949 135 60 ne
425 1949 157 60 dit
515 1949 157 60 pas
605 1949 202 60 comme
739 1949 224 60 autant
896 1949 135 60 de
963 1949 202 60 baies
1098 1949 135 60 de
1165 1949 269 60 laurier,
1344 1949 135 60 mais

68 1993 195 56 comme
198 1993 152 56 des
285 1993 217 56 perles
437 1993 130 56 et
502 1993 152 56 des
589 1993 304 56 pierreries
827 1993 325 56 artistement
1088 1993 325 56 enchassées.
1326 1993 152 56 «Vous

68 2037 126 67 «y
131 2037 232 67 joignez
300 2037 147 67 des
384 2037 211 67 petits
531 2037 253 67 présens,
721 2037 253 67 produits
910 2037 126 67 de
974 2037 190 67 votre
1100 2037 253 67 domaine,
1268 2037 211 67 lesquels

67 2090 159 52 «me
158 2090 182 52 sont
272 2090 273 52 d’autant
477 2090 182 52 plus
590 2090 318 52 agréables,
840 2090 205 52 qu’on
977 2090 296 52 n’éprouve
1204 2090 205 52 aucun
1318 2090 159 52 scru-

70 2136 192 58 «pule
198 2136 107 58 à
240 2136 149 58 les
326 2136 192 58 faire
454 2136 128 58 ni
518 2136 107 58 à
560 2136 149 58 les
646 2136 277 58 recevoir,
859 2136 128 58 et
923 2136 149 58 que
1009 2136 171 58 vous
1115 2136 256 58 n’auriez
1286 2136 192 58 guères,

66 2195 190 49 «sans
193 2195 169 49 eux,
298 2195 253 49 occasion
488 2195 127 49 de
552 2195 275 49 m’écrire.
763 2195 148 49 Les
847 2195 211 49 froids
995 2195 253 49 derniers
1185 2195 127 49 ne
1228 2195 253 49 m’empêche-

68 2235 187 61 «ront
193 2235 145 61 pas
276 2235 124 61 de
338 2235 207 61 tenter
483 2235 124 61 de
545 2235 228 61 nouveau
711 2235 124 61 la
774 2235 207 61 nature
919 2235 124 61 de
981 2235 187 61 notre
1106 2235 166 61 sol,
1209 2235 166 61 sans
1292 2235 187 61 crainte

69 2279 157 58 «de
158 2279 358 58 mésaventure:
449 2279 134 58 si
516 2279 358 58 l’expérience
807 2279 134 58 ne
875 2279 246 58 réussit
1054 2279 179 58 pas,
1166 2279 134 58 je
1210 2279 269 58 regarderai

67 2334 239 52 «comme
235 2334 263 52 m’étant
426 2334 168 52 peu
522 2334 287 52 propices
737 2334 263 52 Apollon
929 2334 144 52 et
1000 2334 168 52 les
1096 2334 215 52 Muses
1240 2334 191 52 dont
1335 2334 144 52 vous

69 2369 299 55 «m’appelez
304 2369 128 55 en
368 2369 321 55 plaisantant
625 2369 128 55 le
689 2369 364 55 grand-prêtre,
988 2369 128 55 et
1052 2369 128 55 au
1116 2369 171 55 lieu
1223 2369 128 55 de
1288 2369 150 55 vos
1352 2369 128 55 lau-

71 2431 225 52 «riers,
234 2431 225 52 j’aurai
398 2431 102 52 à
439 2431 204 52 foison
582 2431 123 52 le
643 2431 204 52 lierre
786 2431 143 52 qui
868 2431 164 52 naît
970 2431 143 52 ici
1052 2431 327 52 spontanément
1317 2431 123 52 et
1358 2431 123 52 sans

71 2471 258 57 «culture.
270 2471 99 57 »
309 2471 119 57 Du
369 2471 199 57 reste,
508 2471 119 57 il
568 2471 258 57 n’accepte
766 2471 139 57 pas
846 2471 139 57 les
925 2471 238 57 louanges
1104 2471 179 57 qu’il
1223 2471 139 57 lui
1282 2471 199 57 adresse,

71 2511 126 68 et
134 2511 190 68 qu’il
260 2511 253 68 attribue
450 2511 105 68 à
492 2511 147 68 son
576 2511 274 68 affection
787 2511 211 68 piutôt
934 2511 168 68 qu’à
1040 2511 147 68 son
1124 2511 274 68 jugement.
1335 2511 126 68 Il
1377 2511 105 68 est

66 2566 185 56 vrai
182 2566 162 56 que
274 2566 255 56 pendant
460 2566 162 56 son
552 2566 232 56 séjour
715 2566 116 56 à
761 2566 255 56 Vignav,
946 2566 139 56 il
1016 2566 116 56 a
1062 2566 278 56 combattu
1271 2566 185 56 bien
1363 2566 116 56 des

69 2609 270 64 monstres,
277 2609 166 64 mais
380 2609 124 64 il
443 2609 124 64 ne
505 2609 145 64 les
588 2609 104 64 a
629 2609 145 64 pas
712 2609 311 64 exterminés.
961 2609 145 64 Ils
1044 2609 145 64 ont
1127 2609 124 64 eu
1190 2609 166 64 plus
1293 2609 124 64 de
1335 2609 145 64 force

69 2659 171 65 pour
176 2659 278 65 ébranler,
389 2659 128 65 ou
454 2659 214 65 plutôt
603 2659 171 65 pour
710 2659 214 65 perdre
860 2659 235 65 l’Etat,
1031 2659 192 65 qu’il
1159 2659 150 65 n’a
1245 2659 128 65 eu
1309 2659 128 65 de
1352 2659 128 65 pru-

70 2700 200 66 dence
203 2700 134 66 et
270 2700 134 66 de
337 2700 245 66 sagesse
515 2700 178 66 pour
627 2700 134 66 le
693 2700 290 66 défendre.
916 2700 290 66 Cependant
1139 2700 134 66 ni
1206 2700 134 66 le
1273 2700 200 66 cœur,
1384 2700 89 66 ni

71 2755 277 86 l’énergie
284 2755 128 86 ne
348 2755 149 86 lui
433 2755 149 86 ont
518 2755 171 86 fait
625 2755 235 86 défaut;
796 2755 171 86 mais
902 2755 149 86 une
988 2755 256 86 fatalité
1179 2755 256 86 attachée
1371 2755 107 86 à
1393 2755 85 86 sa
