1702 2991
748 69 229 74 EN
824 69 267 74 VENTE

410 127 161 100 A
474 127 194 100 LA
571 127 419 100 LIBRAIRIE
894 127 194 100 DE
991 127 194 100 J.
1055 127 355 100 TECHENER,

674 198 145 63 RUE
757 198 124 63 DE
819 198 331 63 L’ARBRE-SEC,
1068 198 103 63 52.

519 296 743 101 CORRESPONDANCE

821 380 185 65 ENTRE

124 471 1486 94 DUIHAUTHETRAUA

820 563 152 54 ET

577 594 594 135 BROSSETTE,

622 706 209 67 Avocat
768 706 125 67 au
831 706 271 67 Parlement
1039 706 125 67 de
1081 706 146 67 Lyon.

501 769 254 50 PUBLIÉE
685 769 161 50 SUR
778 769 161 50 LES
870 769 323 50 MANUSCRITS
1100 769 254 50 ORIGINAUX

629 814 184 87 PAR
734 814 290 87 AUGUSTE
918 814 290 87 LAVERDET,

1192 889 256 74 JANIN.

399 885 502 72 INTRODUCTION
821 885 185 72 PAR
927 885 159 72 M.
980 885 264 72 JULES

502 942 235 74 Première
690 942 172 74 édition
815 942 203 74 complète,
971 942 94 74 en
1018 942 156 74 partie
1112 942 219 74 inédite

1327 1017 249 66 généalogie
1523 1017 107 66 de
1559 1017 71 66 la

218 1011 107 62 Un
272 1011 179 62 volume
397 1011 143 62 in-8
486 1011 107 62 de
540 1011 179 62 XXXII—
665 1011 125 62 608
736 1011 179 62 pages,
861 1011 143 62 avec
950 1011 125 62 six
1022 1011 268 62 fac-simile,
1236 1011 107 62 et
1272 1011 71 62 la

654 1060 196 48 famille
797 1060 107 48 de
851 1060 196 48 Boileau
976 1060 214 48 Despréaux.

837 1102 68 53 EED
876 1102 58 53 C)
905 1102 77 53 GISG
943 1102 68 53 (CEn<

437 1146 335 86 SOMMAIRE
689 1146 168 86 DU
772 1146 307 86 CONTENU
996 1146 168 86 DE
1080 1146 168 86 CE
1136 1146 251 86 VOLUME:

497 1200 274 76 (COMPLÉMENT
716 1200 128 76 DES
789 1200 201 76 OEUVRES
935 1200 110 76 DE
990 1200 201 76 BOILEAU
1118 1200 237 76 DESPRÉAUX.)

194 1259 248 78 PREMIÈRE
380 1259 206 78 PARTIE
525 1259 248 78 (Premier
710 1259 206 78 volume
855 1259 124 78 du
917 1259 310 78 manuscrit).
1164 1259 103 78 —
1206 1259 371 78 Correspondance
1495 1259 144 78 entre

236 1317 215 48 Boileau
393 1317 254 48 Despréaux
588 1317 117 48 et
646 1317 254 48 Brossette
842 1317 273 48 (contenant
1056 1317 371 48 soixante-quinze
1369 1317 215 48 lettres
1505 1317 137 48 auto-

1050 1354 166 51 Arrêt
1160 1354 111 51 de
1215 1354 221 51 noblesse
1381 1354 111 51 de
1436 1354 111 51 la
1473 1354 166 51 famille

244 1356 221 54 graphes
404 1356 221 54 signées
565 1356 120 54 de
625 1356 221 54 Boileau
785 1356 301 54 Despréaux).
1006 1356 60 54 —

758 1399 231 49 Sentence
931 1399 135 49 des
1008 1399 231 49 requêtes
1182 1399 116 49 du
1240 1399 193 49 Palais
1375 1399 135 49 sur
1452 1399 116 49 le
1491 1399 154 49 procès

241 1398 132 56 de
307 1398 242 56 Boileau
483 1398 307 56 Despréaux.
702 1398 66 56 —

239 1447 110 50 du
294 1447 201 50 Lutrin.
440 1447 91 50 —
476 1447 201 50 Lettres
623 1447 110 50 et
677 1447 183 50 pièces
805 1447 110 50 de
860 1447 201 50 divers.
1006 1447 91 50 —
1043 1447 238 50 Testament
1226 1447 110 50 de
1281 1447 201 50 Boileau
1409 1447 219 50 Despréaux.

196 1489 225 53 DEUXIÈME
365 1489 206 53 PARTIE,
515 1489 113 53 ou
572 1489 394 53 Supplément
909 1489 244 53 (deuxième
1097 1489 188 53 volume
1228 1489 113 53 du
1285 1489 263 53 manuscrit)
1472 1489 169 53 compre-

238 1526 149 50 nant
332 1526 131 50 les
406 1526 205 50 papiers
556 1526 112 50 de
612 1526 205 50 Boileau
761 1526 243 50 Despréaux
948 1526 205 50 laissés
1097 1526 93 50 à
1135 1526 112 50 sa
1191 1526 168 50 mort,
1303 1526 112 50 et
1359 1526 187 50 donnés
1490 1526 93 50 à
1508 1526 131 50 Bros-

991 1565 153 57 Les
1079 1565 197 57 Héros
1210 1565 131 57 du
1276 1565 219 57 Roman,
1407 1565 219 57 dialogue

817 1577 189 44 —

243 1574 170 56 sette
356 1574 132 56 par
432 1574 189 56 l’abbé
564 1574 226 56 Boileau,
734 1574 132 56 son
790 1574 151 56 frère.

251 1616 105 42 —
293 1616 167 42 Deux
397 1616 272 42 Épitaphes
607 1616 125 42 de
669 1616 230 42 Racine.
837 1616 105 42 —
878 1616 230 42 Réponse
1046 1616 105 42 à
1087 1616 125 42 un
1150 1616 230 42 mémoire
1317 1616 125 42 de
1380 1616 209 42 Claude
1506 1616 125 42 Per-

241 1656 186 54 rault.
372 1656 93 54 —
409 1656 224 54 Lettres:
577 1656 112 54 au
633 1656 168 54 comte
745 1656 112 54 de
800 1656 224 54 Vivonne;
968 1656 93 54 à
1005 1656 242 54 Maucroix;
1192 1656 93 54 à
1229 1656 186 54 Racine
1359 1656 149 54 (dix
1434 1656 205 54 lettres);

242 1697 101 49 à
282 1697 202 49 Madame
424 1697 242 49 Manchon,
606 1697 121 49 sa
666 1697 182 49 sœur;
787 1697 101 49 à
828 1697 202 49 Madame
969 1697 121 49 la
1030 1697 242 49 marquise
1212 1697 121 49 de
1272 1697 263 49 Villette;
1474 1697 101 49 à
1515 1697 121 49 M.
1555 1697 81 49 de

239 1742 126 51 La
302 1742 272 51 Chapelle,
511 1742 147 51 son
595 1742 188 51 neveu
721 1742 168 51 (dix
825 1742 272 51 lettres);
1035 1742 105 51 à
1077 1742 126 51 M.
1139 1742 126 51 le
1202 1742 188 51 comte
1328 1742 126 51 de
1391 1742 272 51 Maurepas;
1579 1742 63 51 à

240 1778 118 59 M.
299 1778 118 59 de
358 1778 354 59 Pontchartrain;
653 1778 98 59 à
693 1778 118 59 M.
752 1778 197 59 l’abbé
889 1778 216 59 Bignon;
1047 1778 98 59 à
1086 1778 118 59 M.
1145 1778 118 59 le
1204 1778 177 59 comte
1322 1778 118 59 de
1381 1778 177 59 Revel
1499 1778 138 59 sur
1558 1778 79 59 le

244 1825 208 53 combat
390 1825 125 53 de
453 1825 250 53 Crémone;
640 1825 104 53 à
682 1825 125 53 M.
745 1825 125 53 Le
807 1825 250 53 Verrier;
995 1825 104 53 à
1036 1825 313 53 Destouches;
1287 1825 125 53 au
1349 1825 167 53 père
1433 1825 208 53 Thoulier

247 1864 186 54 (trois
377 1864 241 54 lettres),
563 1864 167 54 etc.,
674 1864 204 54 etc...;
823 1864 223 54 Maucroix
990 1864 93 54 à
1027 1864 241 54 Despréaux
1212 1864 167 54 (cinq
1324 1864 241 54 lettres);
1491 1864 148 54 Racine

242 1905 97 52 à
280 1905 271 52 Despréaux;
493 1905 116 52 le
551 1905 155 52 père
648 1905 232 52 Bouhours
822 1905 97 52 à
860 1905 271 52 Despréaux,
1073 1905 174 52 etc.,
1189 1905 155 52 etc.
1286 1905 97 52 —
1325 1905 193 52 Pièces
1460 1905 116 52 de
1499 1905 135 52 vers:

243 1951 304 48 Épigrammes;
486 1951 223 48 Chanson
648 1951 101 48 à
689 1951 203 48 boire;
830 1951 223 48 Enigme;
993 1951 223 48 Parodie
1155 1951 284 48 burlesque;
1378 1951 243 48 Réponses
1540 1951 101 48 aux

232 1990 237 59 jésuites
410 1990 118 59 de
469 1990 237 59 Trévoux;
647 1990 276 59 Quatrains;
864 1990 178 59 etc.,
982 1990 158 59 etc.
1081 1990 237 59 Fragment
1259 1990 158 59 d’un
1358 1990 237 59 prologue
1516 1990 118 59 d’o-

238 2040 269 53 péra....;
445 2040 227 53 Préface
610 2040 165 53 pour
713 2040 124 53 la
775 2040 207 53 Satire
920 2040 165 53 XII;
1023 2040 186 53 Notes
1147 2040 165 53 pour
1251 2040 372 53 l’intelligence
1540 2040 103 53 des

239 2089 187 40 œuvres
370 2089 225 40 diverses
539 2089 112 40 de
595 2089 262 40 Despréaux,
801 2089 131 40 sur
876 2089 112 40 la
932 2089 206 40 préface
1082 2089 112 40 de
1138 2089 243 40 l’édition
1325 2089 150 40 in-4
1419 2089 112 40 de
1456 2089 131 40 1701.

199 2124 245 57 TROISIÊME
388 2124 208 57 PARTIE,
539 2124 113 57 ou
595 2124 396 57 Appendice
935 2124 94 57 —
973 2124 226 57 Mémoires
1142 2124 113 57 de
1199 2124 264 57 Brossette,
1407 2124 132 57 sur
1463 2124 170 57 Boileau

235 2166 276 55 Despréaux,
452 2166 217 55 d’après
610 2166 138 55 les
689 2166 257 55 fragments
887 2166 257 55 originaux
1084 2166 257 55 conservés
1282 2166 99 55 à
1321 2166 118 55 la
1361 2166 276 55 Bibliothèque

440 2203 103 49 —
482 2203 227 49 Lettres
647 2203 124 49 de
708 2203 124 49 M.
770 2203 124 49 A.
832 2203 268 49 Péricaud,
1038 2203 124 49 et
1100 2203 350 49 dissertation,
1389 2203 124 49 au
1450 2203 186 49 sujet
1554 2203 82 49 de

215 2210 248 58 Impériale.

480 2252 180 51 Table
600 2252 280 51 analytique
820 2252 140 51 des
900 2252 180 51 noms,
1020 2252 140 51 des
1101 2252 200 51 lieux,
1241 2252 180 51 etc.,
1361 2252 180 51 cités
1481 2252 160 51 dans
1561 2252 80 51 la

233 2248 299 57 Brossette.
446 2248 64 57 —

236 2292 353 58 correspondance
531 2292 177 58 entre
649 2292 216 58 Boileau
806 2292 255 58 Despréaux
1002 2292 118 58 et
1041 2292 236 58 Brossette.

1453 2335 118 56 10
1493 2335 98 56 fr.

352 2334 182 69 Prix,
473 2334 202 69 papier
615 2334 182 69 carré
736 2334 223 69 vélin..
898 2334 101 69 .
938 2334 101 69 .
979 2334 101 69 .
1019 2334 101 69 .
1060 2334 101 69 .
1100 2334 101 69 .
1141 2334 101 69 .
1181 2334 101 69 .
1222 2334 101 69 .
1262 2334 101 69 .
1303 2334 101 69 .
1343 2334 101 69 .
1363 2334 61 69 .

1464 2384 110 49 15
1500 2384 92 49 fr.

471 2396 198 44 papier
610 2396 178 44 grand
728 2396 198 44 raisin
867 2396 217 44 vélin..
1025 2396 99 44 .
1064 2396 99 44 .
1104 2396 99 44 .
1143 2396 99 44 .
1183 2396 99 44 .
1222 2396 99 44 .
1262 2396 99 44 .
1301 2396 99 44 .
1341 2396 99 44 .
1361 2396 59 44 .

279 2429 177 56 —

1464 2424 110 73 15
1500 2424 92 73 fr.

471 2431 185 59 papier
600 2431 167 59 grand
711 2431 185 59 raisin
822 2431 148 59 vergé.

1097 2424 208 62 6
1221 2424 208 62 »
1304 2424 125 62 0

359 2470 119 55 Il
419 2470 99 55 a
458 2470 139 55 été
537 2470 158 55 tiré
636 2470 277 55 vingt-cinq
854 2470 297 55 exemplaires
1092 2470 139 55 sur
1171 2470 198 55 papier
1289 2470 139 55 grand

232 2517 184 56 raisin
360 2517 166 56 fort,
471 2517 184 56 vergé,
599 2517 257 56 numérotés,
802 2517 147 56 avec
894 2517 166 56 titre
1004 2517 202 56 imprimé
1151 2517 147 56 noir
1243 2517 110 56 et
1280 2517 147 56 rouge,

1463 2551 112 70 30
1501 2551 93 70 fr.

1333 2565 104 56 60

238 2564 109 52 et
292 2564 181 52 collés
419 2564 163 52 après
509 2564 272 52 l’impression.

1186 2565 96 52 ★,

814 2563 204 60 »
896 2563 286 60 5—»
1018 2563 123 60 »

193 2605 244 65 L’épitaphe
384 2605 104 65 de
436 2605 174 65 Racine
558 2605 122 65 par
628 2605 191 65 Boileau
767 2605 244 65 Despréaux,
958 2605 226 65 conservée
1132 2605 139 65 dans
1219 2605 209 65 l’Église
1359 2605 278 65 Saint-

238 2656 204 59 du-Mont,
391 2656 102 59 et
442 2656 237 59 reproduite
628 2656 136 59 dans
713 2656 102 59 ce
764 2656 187 59 volume,
900 2656 85 59 a
934 2656 119 59 été
1001 2656 153 59 tirée
1103 2656 85 59 à
1137 2656 153 59 part,
1239 2656 136 59 pour
1324 2656 119 59 les
1392 2656 153 59 trois
1476 2656 153 59 pepiers

224 2691 159 61 grand
330 2691 194 61 raisin,
454 2691 212 61 seulement.

398 2788 173 69 Paris.
519 2788 86 69 —
553 2788 259 69 Typographie
760 2788 104 69 de
812 2788 190 69 Gaittet
950 2788 104 69 et
1002 2788 138 69 Cie,
1089 2788 121 69 rue
1158 2788 276 69 Git-le-Cœur,
1365 2788 69 69 7.
