1644 2656
856 244 84 61 6

379 267 130 69 181.
460 267 212 69 PLAIDOYER
623 267 98 69 de
672 267 98 69 M.
721 267 212 69 Freydier,
884 267 163 69 avocat
998 267 82 69 à
1031 267 179 69 Nismes,
1161 267 163 69 contre
1259 267 163 69 l’intro

506 329 150 46 duction
615 329 95 46 des
670 329 164 46 cadenas,
793 329 82 46 ou
834 329 177 46 ceintures
970 329 82 46 de
1011 329 177 46 chasteté.
1134 329 286 46 Montpellier

493 364 260 58 1750,
667 364 260 58 in-8,
840 364 289 58 cart.,
1042 364 202 58 non
1158 364 231 58 rog.
1302 364 145 58 7
1331 364 87 58 »

540 404 191 48 Fac-simile
691 404 96 48 par
745 404 82 48 le
786 404 150 48 procédé
896 404 246 48 Dupont
1101 404 109 48 Tiré
1169 404 68 48 à
1197 404 123 48 petit
1265 404 123 48 nombre.

382 436 128 69 182.
462 436 336 69 PRISONNIERS-(les)
750 436 192 69 français
894 436 96 69 en
941 436 176 69 Russie.
1069 436 192 69 Mémoires
1213 436 96 69 et
1245 436 176 69 souvenirs

504 478 88 49 du
548 478 162 49 marquis
666 478 88 49 de
711 478 206 49 Sérang.
873 478 206 49 Paris
1035 478 133 49 1837,
1123 478 74 49 2
1153 478 103 49 vol
1212 478 133 49 in-8,
1300 478 103 49 br.
1359 478 74 49 4
1374 478 44 49 »

381 503 112 66 183.
451 503 140 66 PROCÈS
549 503 98 66 des
605 503 154 66 accusés
718 503 168 66 d’avril.
844 503 238 66 Paris
1040 503 126 66 1835,
1124 503 70 66 2
1152 503 112 66 vol.
1223 503 126 66 in-8,
1307 503 98 66 br.
1363 503 70 66 3
1377 503 42 66 »

383 569 109 41 184.
451 569 123 41 LYON.
533 569 150 41 Rapport
642 569 95 41 sur
696 569 95 41 les
751 569 163 41 troubles
873 569 95 41 qui
928 569 68 41 y
955 569 109 41 sont
1023 569 163 41 arrivés,
1146 569 95 41 par
1187 569 231 41 Tattien;

505 594 272 49 procès-verbal
729 594 112 49 des
793 594 224 49 évènements
969 594 112 49 des
1032 594 96 49 29
1080 594 96 49 et
1128 594 96 49 30
1176 594 112 49 mai
1240 594 144 49 1793;
1320 594 96 49 rap-

506 636 116 45 port
578 636 87 45 de
621 636 246 45 Nioche
824 636 101 45 sur
882 636 101 45 les
940 636 203 45 malheureux
1099 636 203 45 évènements
1259 636 87 45 du
1302 636 87 45 29
1331 636 87 45 mai;

510 670 139 41 rapport
612 670 89 41 sur
662 670 76 41 la
700 670 164 41 situation
827 670 76 41 de
864 670 177 41 commune
1004 670 253 41 affranchie,
1219 670 89 41 par
1257 670 164 41 Col

506 700 127 45 lol
595 700 228 45 d’Herbois;
785 700 140 45 rapport
887 700 89 45 sur
938 700 76 45 le
976 700 114 45 siège
1052 700 76 45 de
1090 700 114 45 Lyon,
1166 700 89 45 par
1204 700 216 45 Couthon;

507 744 150 36 rapport
616 744 95 36 sur
671 744 82 36 la
711 744 177 36 situation
848 744 82 36 de
888 744 150 36 commune
997 744 204 36 affranchie,
1160 744 95 36 par
1201 744 218 36 Fouché;

506 771 98 50 les
562 771 169 50 sections
689 771 84 50 de
731 771 84 50 la
773 771 127 50 ville
858 771 84 50 de
900 771 113 50 Lyon
970 771 70 50 à
998 771 352 50 Dubois-Crancé;
1293 771 127 50 réponse

506 811 79 42 de
545 811 314 42 Dubois-Crancé
820 811 92 42 aux
872 811 209 42 inculpations
1042 811 79 42 de
1082 811 92 42 ses
1134 811 170 42 collégues
1252 811 170 42 Cou

507 844 153 44 thon
618 844 83 44 et
660 844 222 44 Maignet;
840 844 97 44 les
896 844 125 44 trois
979 844 153 44 parties
1091 844 153 44 formant
1202 844 97 44 584
1257 844 139 44 pages;
1341 844 69 44 rap

511 882 107 42 port
578 882 94 42 sur
631 882 94 42 les
685 882 147 42 décrets
792 882 134 42 rendus
886 882 134 42 contre
980 882 121 42 Lyon,
1060 882 94 42 par
1114 882 241 42 Izoard;
1301 882 121 42 rapport

504 915 89 44 de
549 915 148 44 Merlin
652 915 89 44 de
697 915 207 44 Thionville
860 915 89 44 en
904 915 148 44 faveur
1008 915 89 44 de
1053 915 370 44 Dubois-Crancé;
1364 915 59 44 et

505 956 174 36 rapport
632 956 95 36 de
679 956 190 36 Villiers
822 956 111 36 sur
885 956 111 36 les
949 956 253 36 marchandises
1155 956 206 36 expédiées
1313 956 79 36 à
1329 956 95 36 com-

507 984 126 46 mune
586 984 236 46 affranchie.
775 984 95 46 En
822 984 126 46 tout
901 984 95 46 13
948 984 158 46 pièces
1059 984 126 46 in-8
1137 984 173 46 réunies
1263 984 95 46 en
1311 984 79 46 1
1326 984 95 46 vol.

487 1017 311 41 in-8,
695 1017 484 41 demi-rel.,
1075 1017 276 41 bas.
1247 1017 207 41 22
1316 1017 104 41 »

542 1054 162 41 Recueil
660 1054 118 41 très
733 1054 176 41 précieux
865 1054 103 41 sur
924 1054 206 41 l’histoire
1086 1054 88 41 de
1115 1054 103 41 Lyon.

385 1078 136 61 185.
470 1078 204 61 RELATION
623 1078 119 61 des
692 1078 238 61 opérations
879 1078 102 61 de
930 1078 187 61 l’armée
1066 1078 119 61 aux
1134 1078 170 61 ordres
1254 1078 102 61 du
1288 1078 136 61 prince

503 1122 350 46 Poniatousk
805 1122 175 46 pendant
932 1122 95 46 la
980 1122 191 46 campagne
1123 1122 95 46 de
1171 1122 127 46 1809
1250 1122 95 46 en
1282 1122 143 46 Pologne

507 1163 144 47 contre
607 1163 101 47 les
665 1163 230 47 Autrichiens,
852 1163 101 47 par
909 1163 129 47 R.
996 1163 158 47 Soltyk.
1111 1163 201 47 Paris
1269 1163 129 47 1841,
1341 1163 86 47 beau

494 1203 339 41 portrait
748 1203 169 41 et
832 1203 254 41 carte
1002 1203 254 41 in-8,
1171 1203 198 41 br.
1284 1203 141 41 3
1312 1203 113 41 50

382 1237 122 50 186.
458 1237 153 50 RÉSUMÉ
565 1237 92 50 de
611 1237 214 50 l’histoire
779 1237 92 50 du
825 1237 199 50 Lyonnais,
978 1237 107 50 par
1040 1237 168 50 Jal.
1162 1237 214 50 Paris,
1315 1237 107 50 1826,

457 1273 645 44 in-18,
908 1273 452 44 br.
1166 1273 323 44 2
1231 1273 194 44 »

383 1300 130 63 187.
464 1300 228 63 RÉVOLUTION
643 1300 98 63 de
692 1300 130 63 Lyon
773 1300 146 63 (dite
870 1300 98 63 du
919 1300 98 63 29
968 1300 146 63 mai),
1065 1300 114 63 par
1130 1300 146 63 J.
1212 1300 211 63 Guerre

508 1339 275 43 Lyon
732 1339 155 43 1793,
835 1339 155 43 in-8,
938 1339 138 43 br.,
1024 1339 138 43 avec
1110 1339 155 43 titre
1213 1339 189 43 (rare).
1351 1339 86 43 6
1368 1339 52 43 »

380 1364 142 66 188.
469 1364 265 66 ROBESPIERRE
681 1364 301 66 (Maximilien),
929 1364 177 66 membre
1053 1364 106 66 de
1106 1364 106 66 la
1159 1364 248 66 Convention
1336 1364 88 66 na

495 1413 145 54 tionale.

541 1427 172 66 Discours
669 1427 100 66 sur
727 1427 86 66 la
769 1427 157 66 liberté
884 1427 86 66 de
927 1427 86 66 la
970 1427 157 66 presse,
1084 1427 100 66 sur
1141 1427 86 66 la
1184 1427 157 66 guerre,
1298 1427 71 66 8
1313 1427 114 66 autres

500 1485 218 42 discours!
668 1485 252 42 Déclaration
870 1485 118 42 des
937 1485 168 42 droits
1054 1485 101 42 de
1105 1485 202 42 l’homme;
1256 1485 185 42 Réponse
1374 1485 50 42 à

504 1521 178 39 Louvet;
633 1521 178 39 Adresse
763 1521 113 39 aux
828 1521 211 39 Français;
990 1521 130 39 Cinq
1071 1521 211 39 rapports;
1233 1521 178 39 Opinion
1346 1521 81 39 sur

507 1553 107 45 les
568 1553 260 45 subsistances;
782 1553 169 45 Dernier
905 1553 184 45 discours
1043 1553 77 45 à
1074 1553 92 45 la
1120 1553 230 45 Convention,
1303 1553 77 45 8
1319 1553 107 45 ther-

508 1594 161 41 midor;
621 1594 129 41 Deux
701 1594 194 41 rapports
847 1594 97 41 de
895 1594 161 41 Barère
1008 1594 113 41 sur
1072 1594 97 41 la
1121 1594 242 41 conjuration
1314 1594 97 41 de
1346 1594 81 41 Ro-

510 1620 217 50 bespierre;
681 1620 171 50 Défends
806 1620 93 50 ta
852 1620 155 50 queue,
961 1620 93 50 la
1008 1620 140 50 queue
1101 1620 93 50 de
1147 1620 249 50 Robespierre;
1334 1620 93 50 Con-

503 1662 191 45 juration
646 1662 159 45 formée
758 1662 159 45 contre
869 1662 255 45 Robespierre;
1076 1662 239 45 Coupons-lui
1267 1662 95 45 la
1299 1662 127 45 queuc,

506 1700 88 40 le
550 1700 132 40 front
638 1700 88 40 de
682 1700 219 40 Robespierre
857 1700 88 40 et
901 1700 88 40 de
945 1700 88 40 sa
989 1700 161 40 clique,
1106 1700 88 40 et
1149 1700 102 40 dix
1208 1700 146 40 autres
1295 1700 132 40 brochu-

506 1733 104 55 res
565 1733 148 55 contre
669 1733 237 55 Robespierre,
861 1733 89 55 en
905 1733 118 55 tout
979 1733 222 55 trente-sept
1157 1733 148 55 pièces
1260 1733 133 55 in-8,
1334 1733 89 55 br.,

472 1764 333 42 une
663 1764 428 42 seule
948 1764 380 42 rog.
1185 1764 285 42 47
1280 1764 143 42 »

381 1794 139 49 489.
468 1794 261 49 ROBESPIERRE
676 1794 278 49 (Charlotte),
902 1794 209 49 mémoires
1059 1794 122 49 sur
1128 1794 122 49 ses
1198 1794 139 49 deux
1267 1794 157 49 frères.

495 1839 452 42 Paris
867 1839 239 42 1835,
1027 1839 239 42 in-8,
1186 1839 186 42 br.
1292 1839 133 42 2
1319 1839 106 42 50

384 1865 124 54 190.
462 1865 187 54 RUDIMENT
602 1865 233 54 élémentaire
789 1865 109 54 des
851 1865 155 54 droits
960 1865 187 54 naturels
1100 1865 93 54 et
1146 1865 171 54 civils,
1271 1865 78 54 à
1286 1865 140 54 l’usage

505 1903 102 45 des
564 1903 190 45 habitants
710 1903 88 45 du
753 1903 219 45 Beaujolais.
929 1903 131 45 1788,
1016 1903 131 45 in-8,
1089 1903 146 45 dérelié.

543 1927 142 55 Notice
642 1927 100 55 sur
699 1927 85 55 le
742 1927 128 55 franc
827 1927 185 55 Lyonnais,
970 1927 100 55 par
1027 1927 213 55 Journel.
1197 1927 185 55 Lyon
1325 1927 100 55 1839,

491 1979 255 44 in-8,
661 1979 227 44 br.,
802 1979 198 44 les
916 1979 227 44 deux
1058 1979 312 44 pièces.
1284 1979 142 44 2
1313 1979 113 44 50

384 2004 131 59 191.
466 2004 148 59 SAINT
564 2004 148 59 JUST,
662 2004 164 59 membre
777 2004 98 59 de
826 2004 98 59 la
875 2004 229 59 Convention
1039 2004 197 59 nationale.

541 2028 202 63 Fragments
697 2028 109 63 sur
759 2028 109 63 les
821 2028 249 63 institutions
1023 2028 280 63 républicaines,
1256 2028 140 63 in-8,
1334 2028 93 63 br.,

501 2081 327 48 (édition
746 2081 382 48 originale.
1046 2081 136 48 —
1101 2081 273 48 Rare.)
1292 2081 136 48 4
1319 2081 109 48 50

545 2114 87 52 Le
588 2114 101 52 bas
646 2114 87 52 du
689 2114 130 52 titre
776 2114 188 52 contenant
921 2114 87 52 le
965 2114 101 52 nom
1022 2114 87 52 du
1066 2114 174 52 libraire
1196 2114 72 52 a
1225 2114 101 52 été
1283 2114 116 52 très
1341 2114 87 52 bien

509 2153 155 40 refait.
621 2153 70 40 A
649 2153 112 40 part
720 2153 84 40 ce
762 2153 126 40 léger
846 2153 141 40 défaut
945 2153 225 40 l’exemplaire
1127 2153 98 40 est
1183 2153 112 40 très
1240 2153 98 40 Beau.

385 2180 125 52 192.
463 2180 187 52 DISCOURS
604 2180 109 52 sur
666 2180 94 52 la
713 2180 265 52 constitution:
931 2180 140 52 Essai
1025 2180 94 52 de
1071 2180 265 52 constitution;
1274 2180 156 52 Rapports

505 2228 110 41 sur
568 2228 110 41 les
631 2228 157 41 crimes
741 2228 110 41 des
803 2228 204 41 factions,
960 2228 110 41 sur
1023 2228 110 41 les
1086 2228 267 41 subsistances,
1305 2228 110 41 sur
1353 2228 78 41 les

507 2259 179 45 factions
641 2259 89 45 de
686 2259 223 45 l’étranger,
864 2259 104 45 sur
924 2259 104 45 les
983 2259 194 45 personnes
1132 2259 238 45 incarcérées,
1326 2259 104 45 sur
1370 2259 60 45 la

508 2299 230 41 conjuration
692 2299 92 41 de
738 2299 169 41 Danton,
860 2299 169 41 Camille
983 2299 230 41 Desmoulins,
1167 2299 138 41 etc.,
1259 2299 107 41 sur
1321 2299 92 41 la
1351 2299 77 41 loi

507 2329 151 56 contre
613 2329 106 56 les
673 2329 181 56 Anglais,
809 2329 106 56 sur
869 2329 91 56 le
915 2329 242 56 gouvernement
1111 2329 302 56 révolutionnaire,
1353 2329 76 56 sur
