1626 2593
712 200 78 47 5

262 236 130 59 166.
343 236 195 59 MÊMOIRES
489 236 260 59 anecdotiques
700 236 114 59 sur
765 236 244 59 l’intérieur
960 236 97 59 du
1009 236 162 59 palais
1106 236 179 59 impérial,

379 289 146 37 depuis
482 289 117 37 1805
555 289 175 37 jusqu’en
686 289 131 37 1816,
774 289 102 37 par
832 289 88 37 de
876 289 307 37 Beausset,
1139 289 146 37 préfet
1227 289 58 37 du

380 326 180 44 palais.
511 326 279 44 Paris
741 326 230 44 1827-1829,
921 326 82 44 4
954 326 148 44 in-8,
1052 326 148 44 fig.,
1151 326 115 44 br.
1216 326 82 44 8
1233 326 49 44 »

262 346 106 59 167.
328 346 159 59 MÊMOIRES
447 346 80 59 de
487 346 265 59 Condorcet
713 346 93 59 sur
766 346 80 59 la
806 346 186 59 révolution
951 346 186 59 française.
1084 346 199 59 Paris

355 395 363 40 1824,
597 395 202 40 2
678 395 363 40 in-8,
920 395 283 40 br.
1081 395 202 40 3
1122 395 161 40 50

261 406 109 79 168.
329 406 163 79 MÉMOIRES
452 406 82 79 de
493 406 245 79 Linguet
697 406 82 79 et
738 406 204 79 Dusaulx.
902 406 136 79 Paris,
997 406 245 79 Baudouin
1188 406 95 79 1821,

326 462 614 45 in-8,
735 462 478 45 br.
1008 462 341 45 4
1076 462 205 45 »

260 495 124 57 169.
338 495 186 57 MÉMOIRES
478 495 93 57 de
524 495 202 57 Napoléon,
679 495 155 57 écrits
788 495 124 57 sous
865 495 93 57 sa
912 495 155 57 dictée
1020 495 109 57 par
1082 495 109 57 les
1129 495 155 57 généraux

382 534 241 46 Gourgaud
585 534 76 46 et
623 534 216 46 Montholon.
801 534 178 46 Paris
940 534 114 46 1823,
1017 534 63 46 8
1042 534 101 46 vol.
1105 534 114 46 in-8,
1169 534 114 46 cartes,

377 573 173 40 plans
492 573 115 40 et
550 573 288 40 fac-simile,
780 573 135 40 br.
857 573 192 40 (Bonne
992 573 250 40 édition.)
1184 573 115 40 25
1222 573 58 40 »

262 597 115 52 170.
333 597 172 52 MÉMOIRES
462 597 86 52 de
505 597 258 52 Sénart
721 597 129 52 agent
807 597 86 52 du
850 597 229 52 gouvernement
1022 597 258 52 révolutionnaire.

371 641 443 48 Paris
735 641 234 48 1824,
892 641 234 48 in-8,
1048 641 182 48 br.
1152 641 130 48 1
1178 641 104 48 50

259 665 120 49 171.
334 665 180 49 MÊMOIRES
469 665 90 49 du
514 665 165 49 général
635 665 195 49 Rappi.
785 665 210 49 Paris
950 665 135 49 1823,
1041 665 135 49 in-8,
1131 665 120 49 rel.
1191 665 90 49 bas.

296 709 789 41 fil.
790 709 493 41 2
888 709 395 41 50

261 741 132 48 172.
343 741 198 48 MÉMOIRES
491 741 247 48 historiques
689 741 115 48 sur
755 741 148 48 Louis
854 741 148 48 XVII,
953 741 115 48 roi
1019 741 99 48 de
1069 741 165 48 France
1184 741 99 48 et
1217 741 66 48 de

385 780 174 38 Navarre,
515 780 101 38 par
573 780 203 38 Eckard.
732 780 188 38 Paris
877 780 130 38 1817,
964 780 130 38 in-8,
1051 780 145 38 port.,
1153 780 101 38 br.
1211 780 72 38 1
1225 780 58 38 75

261 807 122 59 173.
337 807 183 59 MÉMOIRES
474 807 122 59 pour
550 807 152 59 servir
656 807 76 59 à
687 807 213 59 l’histoire
854 807 91 59 de
900 807 91 59 la
945 807 213 59 révolution
1097 807 183 59 française,

379 851 111 58 par
442 851 221 58 Lombard
616 851 95 58 de
664 851 190 58 Langres.
806 851 221 58 Paris
980 851 142 58 1823,
1075 851 79 58 2
1106 851 126 58 vol.
1169 851 111 58 in

282 887 776 38 Dr.
726 887 554 38 2
837 887 444 38 50

260 913 122 54 174.
336 913 168 54 MUSIQUE
458 913 198 54 (diverses
611 913 153 54 pièces
717 913 92 54 de
763 913 122 54 1789
840 913 76 54 à
870 913 122 54 l’an
946 913 92 54 IX
992 913 107 54 sur
1053 913 122 54 la).
1129 913 153 54 Lettre
1221 913 61 54 de

379 960 197 46 Lesueur
534 960 70 46 à
562 960 225 46 Guillard
745 960 99 46 sur
801 960 155 46 l’opéra
914 960 84 46 de
956 960 84 46 la
998 960 113 46 mort
1055 960 225 46 d'Adam

380 991 72 43 6
408 991 172 43 parties,
537 991 172 43 mémoires
666 991 114 43 pour
737 991 172 43 Lesueur,
866 991 100 43 par
923 991 286 43 Ducancel
1152 991 129 43 organi-

376 1021 151 54 sation
482 1021 91 54 du
527 1021 257 54 Conservatoire
739 1021 91 54 de
784 1021 181 54 musique,
920 1021 302 54 éclaircissements
1177 1021 106 54 sur
1223 1021 60 54 le

380 1062 263 42 Conservatoire
596 1062 93 42 et
643 1062 124 42 huit
720 1062 155 42 autres
829 1062 201 42 brochures
984 1062 108 42 sur
1046 1062 93 42 le
1092 1062 124 42 même
1154 1062 124 42 sujet.

361 1096 220 44 12
471 1096 367 44 pièces
728 1096 330 44 in-8,
949 1096 257 44 br.
1095 1096 184 44 5
1132 1096 147 44 50

265 1111 123 66 175.
342 1111 154 66 NECKER
449 1111 215 66 (Jacques),
618 1111 200 66 directeur
772 1111 169 66 général
895 1111 108 66 des
957 1111 200 66 finances.
1111 1111 108 66 Vie
1157 1111 123 66 privée

381 1168 86 44 et
424 1168 243 44 ministérielle
624 1168 100 44 par
681 1168 243 44 Marat;
881 1168 86 44 le
924 1168 100 44 roi
982 1168 157 44 Necker;
1082 1168 200 44 dénonciation

375 1202 156 37 contre
485 1202 156 37 Necker
594 1202 94 37 et
641 1202 156 37 contre
750 1202 187 37 Lambert,
891 1202 219 37 contrôleur
1062 1202 187 37 général;
1187 1202 94 37 por-

380 1234 150 40 traits
485 1234 75 40 à
515 1234 90 40 la
560 1234 150 40 turque
665 1234 90 40 de
710 1234 90 40 M.
755 1234 165 40 Necker;
876 1234 150 40 départ
981 1234 90 40 de
1026 1234 150 40 Necker
1131 1234 90 40 et
1176 1234 90 40 de
1206 1234 75 40 ma-

376 1274 123 40 dame
452 1274 92 40 de
498 1274 169 40 Gouges;
621 1274 92 40 le
667 1274 153 40 retour
775 1274 123 40 tant
851 1274 169 40 désiré;
974 1274 246 40 dénonciation
1158 1274 123 40 contre

376 1306 151 48 Necker,
486 1306 96 48 par
541 1306 233 48 Marat
733 1306 233 48 l’anti-Marat,
925 1306 82 48 et
966 1306 192 48 confession
1117 1306 164 48 générale
1226 1306 55 48 de

370 1338 232 50 Necker.
539 1338 106 50 8
581 1338 211 50 pièces
729 1338 190 50 in-8,
856 1338 275 50 demi-rel.
1067 1338 190 50 veau.
1194 1338 106 50 4
1215 1338 63 50 »

258 1359 112 68 176.
328 1359 154 68 NOUVEAU
440 1359 112 68 (le)
510 1359 140 68 Paris,
608 1359 98 68 par
664 1359 210 68 Mercier.
831 1359 196 68 Paris
985 1359 70 68 6
1013 1359 112 68 vol.
1083 1359 126 68 in-8,
1167 1359 98 68 br.
1223 1359 70 68 8
1237 1359 42 68 »

410 1413 174 37 Ouvrage
536 1413 174 37 faisant
663 1413 142 37 suite
757 1413 95 37 au
805 1413 174 37 Tableau
931 1413 95 37 de
978 1413 158 37 Paris,
1089 1413 95 37 du
1136 1413 126 37 même
1199 1413 79 37 au-

374 1444 129 63 teur,
460 1444 86 63 et
503 1444 201 63 renfermant
661 1444 101 63 des
719 1444 158 63 détails
834 1444 115 63 très
905 1444 158 63 curieux
1020 1444 101 63 sur
1078 1444 86 63 la
1107 1444 172 63 Révolution

372 1477 91 42 et
417 1477 106 42 les
478 1477 137 42 mœurs
569 1477 76 42 à
600 1477 137 42 cette
675 1477 137 42 époque.

260 1510 102 68 177.
324 1510 140 68 OEUVRES
426 1510 76 68 de
464 1510 255 68 Los-Rios
680 1510 153 68 libraire
795 1510 76 68 de
833 1510 115 68 Lyon.
910 1510 242 68 Londres
1113 1510 115 68 1789,
1177 1510 102 68 in

332 1545 389 57 br.
555 1545 611 57 (Rare).
999 1545 278 57 3
1055 1545 222 57 50

255 1576 109 59 478.
324 1576 177 59 OPINIONS,
460 1576 177 59 rapports,
596 1576 82 59 et
637 1576 123 59 choix
719 1576 164 59 d’écrits
842 1576 205 59 politiques,
1005 1576 82 59 de
1033 1576 245 59 Ch.

373 1624 156 42 çois
486 1624 212 42 Lebrun
656 1624 99 42 duc
713 1624 85 42 de
755 1624 198 42 Plaisance,
911 1624 170 42 précédés
1038 1624 127 42 d’une
1123 1624 142 42 longue
1208 1624 71 42 no-

372 1660 108 54 tice
440 1660 230 54 biographique.
630 1660 230 54 Paris
819 1660 122 54 1829,
900 1660 122 54 in-8,
981 1660 176 54 portrait,
1117 1660 108 54 pap.
1171 1660 108 54 vélin,

259 1692 891 47 Dr.
768 1692 636 47 2
895 1692 382 47 »

251 1718 130 61 179.
332 1718 179 61 ORLÉANS
463 1718 310 61 (Louis-Philippe
724 1718 114 61 d’)
789 1718 196 61 Egalité,
936 1718 163 61 membre
1050 1718 98 61 de
1099 1718 98 61 la
1131 1718 147 61 Conven

353 1759 104 43 tion.

402 1796 104 54 Vie
462 1796 89 54 du
506 1796 104 54 duc
565 1796 208 54 d’Orléans.
729 1796 282 54 Londres
966 1796 134 54 1790.
1055 1796 223 54 Conjuration
1219 1796 59 54 de

369 1830 216 58 d’Orléans,
538 1830 139 58 1790.
631 1830 92 58 Le
677 1830 139 58 sieur
769 1830 200 58 d’Orléans
923 1830 123 58 tout
1001 1830 170 58 entier;
1124 1830 92 58 la
1155 1830 123 58 cabale

366 1869 220 56 d’Orléans;
539 1869 157 56 exposé
649 1869 94 56 de
696 1869 94 56 sa
743 1869 188 56 conduite
884 1869 126 56 dans
963 1869 94 56 la
1010 1869 236 56 Révolution;
1183 1869 94 56 Voi-

366 1905 112 50 del
430 1905 112 50 sur
494 1905 223 50 d’Orléans,
669 1905 80 50 à
701 1905 191 50 toi-même
844 1905 175 50 Laclos;
972 1905 175 50 mémoire
1100 1905 128 50 pour
1163 1905 112 50 d’Or-

366 1940 157 51 léans;
476 1940 94 51 sa
523 1940 173 51 réponse
649 1940 79 51 à
680 1940 157 51 l’abbé
790 1940 157 51 Maury;
900 1940 157 51 songes
1010 1940 251 51 patriotiques
1198 1940 79 51 dé-

367 1977 121 49 diés
443 1977 76 49 à
473 1977 212 49 d’Orléans,
639 1977 106 49 par
700 1977 151 49 madame
806 1977 91 49 de
851 1977 166 49 Gouges;
972 1977 136 49 éloge
1063 1977 91 49 de
1093 1977 182 49 d’Orléans;

368 2007 288 49 éciaircissements
612 2007 101 49 sur
670 2007 86 49 sa
713 2007 173 49 mission,
842 2007 86 49 et
886 2007 72 49 à
914 2007 144 49 autres
1015 2007 144 49 pièces
1116 2007 86 49 le
1145 2007 129 49 concer-

362 2043 178 54 nant.
481 2043 119 54 En
540 2043 158 54 tout
639 2043 119 54 16
698 2043 198 54 pièces
837 2043 178 54 in-8,
956 2043 158 54 dont
1054 2043 99 54 3
1094 2043 158 54 rog.
1193 2043 99 54 8
1213 2043 59 54 »

248 2076 132 50 180.
331 2076 248 50 PHILIPPEAUX
530 2076 215 50 (Pierre),
695 2076 165 50 membre
811 2076 99 50 de
860 2076 99 50 la
910 2076 232 50 Convention
1076 2076 198 50 nationale.

401 2114 194 50 Discours
547 2114 113 50 anx
611 2114 210 50 jacobins,
773 2114 113 50 aux
838 2114 130 50 amis
919 2114 97 50 de
967 2114 97 50 la
1016 2114 194 50 justice.
1145 2114 130 50 Compte

367 2143 134 47 réndu
456 2143 89 47 de
501 2143 89 47 sa
546 2143 164 47 mission
664 2143 119 47 dans
739 2143 104 47 les
798 2143 238 47 départements
992 2143 89 47 de
1036 2143 178 47 l’Ouest.
1170 2143 74 47 4
1185 2143 89 47 par-

369 2186 117 51 ties
442 2186 175 51 (rares),
574 2186 88 51 au
617 2186 146 51 comité
720 2186 88 51 du
763 2186 131 51 salut
851 2186 160 51 public,
968 2186 117 51 jugé
1041 2186 102 51 par
1099 2186 190 51 lui-même,
1230 2186 44 51 à

363 2224 106 42 ses
424 2224 197 42 collègues
575 2224 91 42 et
621 2224 243 42 concitoyens;
818 2224 167 42 réponse
940 2224 106 42 aux
1001 2224 213 42 défenseurs
1168 2224 91 42 de
1198 2224 76 42 nos

365 2256 142 41 frères
464 2256 113 41 dans
535 2256 85 41 la
577 2256 156 41 Vendée;
691 2256 156 41 réponse
804 2256 71 41 à
833 2256 227 41 Philippeaux,
1017 2256 99 41 par
1059 2256 213 41 Levas

355 2293 385 69 seur
668 2293 144 69 10
740 2293 241 69 pièces
909 2293 217 69 in-8,
1053 2293 169 69 br.
1150 2293 144 69 10
1198 2293 72 69 »
