1626 2593
213 280 1030 75 LTDRAIREEAPGEGS

577 352 116 81 ET
615 352 330 81 AUTOGRAPHES

500 419 237 109 DE
579 419 435 109 CHARAVAY,

404 517 151 77 RUE
491 517 366 77 GIT-LE-COEUR,
792 517 129 77 N°
857 517 129 77 4,
921 517 108 77 A
943 517 172 77 PARIS.

252 608 212 66 HISTOIRE,
415 608 261 66 LITTÉRATURE,
626 608 212 66 FACÉTIES,
789 608 212 66 MÉMOIRES,
952 608 228 66 BROCHURES,
1115 608 163 66 JOURNAUX

288 666 100 45 ET
338 666 167 45 ÉCRITS
455 666 234 45 GONCERNANT
639 666 234 45 L’HISTOIRE
823 666 100 45 DE
873 666 184 45 FRANCE,
1007 666 100 45 DE
1057 666 134 45 1789
1140 666 84 45 A
1157 666 117 45 1815;

285 699 212 46 OUVRAGES
444 699 318 46 PHILOSOPHIQUES
709 699 106 46 ET
762 699 124 46 SUR
833 699 124 46 LES
904 699 230 46 PROVINCES
1081 699 106 46 DE
1116 699 159 46 FRANCE.

288 727 207 50 PORTRAITS
447 727 96 50 ET
495 727 191 50 GRAVURES
638 727 191 50 RELATIFS
782 727 80 50 A
813 727 223 50 L’HISTOIRE
988 727 96 50 DE
1036 727 96 50 LA
1068 727 207 50 RÉVOLUTIONb

288 768 228 50 FRANÇAISE.
467 768 179 50 ACHATS,
597 768 179 50 VENTES,
727 768 211 50 ÉCHANGES,
889 768 260 50 COMMISSIONS,
1084 768 195 50 RÉDACTIONS

285 804 102 47 DE
336 804 254 47 CATALOGUES,
539 804 237 47 EXPERTISES
726 804 102 47 EN
776 804 169 47 LIVRES
895 804 102 47 ET
929 804 237 47 AUTOGRAPHES.

500 877 266 78 DÉCEMBRE
699 877 200 78 1845.
833 877 111 78 —
877 877 133 78 N°
921 877 89 78 2.

252 984 130 80 119.
333 984 227 80 AGATHOCLES
511 984 97 80 et
560 984 162 80 Monck,
673 984 97 80 ou
722 984 146 80 l’art
819 984 211 80 d’abattre
981 984 97 80 et
1030 984 97 80 de
1078 984 178 80 relever
1192 984 81 80 les

368 1036 221 43 trônes,
529 1036 382 43 Orléans
850 1036 121 43 an
910 1036 121 43 V,
971 1036 181 43 in-8,
1091 1036 141 43 br.
1172 1036 100 43 2
1192 1036 80 43 50

255 1058 117 68 120.
328 1058 189 68 ANECDOTES
474 1058 175 68 inédites
605 1058 87 68 de
649 1058 87 68 la
692 1058 102 68 fin
751 1058 87 68 du
794 1058 233 68 dix-huitième
984 1058 160 68 siècle,
1100 1058 102 68 par
1144 1058 131 68 Se

368 1111 280 46 rieys.
584 1111 302 46 Paris
821 1111 194 46 1804,
951 1111 194 46 in-8,
1080 1111 151 46 br.
1166 1111 108 46 2
1188 1111 86 46 50

410 1141 106 60 Cet
470 1141 167 60 ouvrage
592 1141 182 60 contient
728 1141 91 60 de
774 1141 197 60 curieuses
925 1141 197 60 anecdotes
1077 1141 106 60 sur
1138 1141 91 60 la
1168 1141 106 60 révo

357 1152 134 59 lution.

254 1190 113 71 121.
325 1190 113 71 ARTS
396 1190 113 71 (sur
467 1190 113 71 les)
537 1190 156 71 pendant
651 1190 85 71 la
693 1190 199 71 révolution
850 1190 85 71 et
892 1190 269 71 antérieurement.
1105 1190 170 71 Ar

371 1245 258 72 chitecture,
586 1245 201 72 sculpture,
743 1245 186 72 peinture,
886 1245 172 72 gravure,
1015 1245 158 72 dessin,
1116 1245 143 72 ant

378 1276 170 61 quités
509 1276 57 61 etc.

405 1300 225 65 Recherches
581 1300 112 65 sur
646 1300 208 65 l’origine
806 1300 112 65 des
870 1300 192 65 ornemens
998 1300 273 65 d’architecture,

368 1341 207 55 Collection
531 1341 104 55 des
590 1341 252 55 chefs-d’œuvre
798 1341 89 55 de
842 1341 267 55 l’architecture
1065 1341 104 55 des
1109 1341 163 55 différens

368 1390 178 40 peuples,
502 1390 193 40 Questions
650 1390 104 40 sur
709 1390 104 40 les
769 1390 163 40 progrès
887 1390 89 40 de
932 1390 282 40 l’architecture,
1154 1390 119 40 Séries

367 1423 91 48 de
412 1423 196 48 colonnes,
563 1423 106 48 Vie
624 1423 91 48 de
669 1423 227 48 Bouchardon,
850 1423 211 48 sculpteur,
1016 1423 242 48 Dissertation
1197 1423 76 48 sur

370 1453 186 58 l’origine
513 1453 86 58 de
556 1453 129 58 l’art
642 1453 86 58 de
685 1453 143 58 graver
785 1453 100 58 sur
842 1453 129 58 bois,
928 1453 158 58 Mémoire
1043 1453 100 58 sur
1100 1453 86 58 la
1129 1453 143 58 peinture

366 1489 86 59 au
409 1489 129 59 lait,
495 1489 201 59 Collection
653 1489 100 59 des
710 1489 172 59 discours
839 1489 86 59 de
882 1489 86 59 M.
925 1489 201 59 Bachelier,
1083 1489 172 59 Discours
1198 1489 72 59 sur

369 1523 87 51 la
413 1523 189 51 peinture,
558 1523 189 51 Mémoires,
704 1523 131 51 Essai
791 1523 102 51 sur
849 1523 203 51 l’histoire
1009 1523 102 51 des
1067 1523 174 51 sciences
1183 1523 87 51 pen-

365 1564 115 48 dant
437 1564 86 48 la
480 1564 216 48 révolution,
652 1564 129 48 Essai
739 1564 101 48 sur
796 1564 86 48 la
839 1564 158 48 dignité
954 1564 101 48 des
1012 1564 129 48 arts,
1098 1564 158 48 Opinion
1199 1564 72 48 sur

366 1591 109 58 les
429 1591 172 58 musées,
554 1591 109 58 Des
616 1591 172 58 temples
741 1591 78 58 à
772 1591 125 58 dôme
850 1591 94 58 de
897 1591 140 58 cette
990 1591 203 58 capitale,
1131 1591 140 58 Rapport

365 1634 102 49 sur
424 1634 87 49 la
467 1634 233 49 conservation
657 1634 102 49 des
715 1634 131 49 arts,
803 1634 102 49 par
861 1634 189 49 Grégoire,
1007 1634 131 49 l’Art
1094 1634 87 49 de
1123 1634 146 49 peindre,

365 1661 140 56 poëme
459 1661 109 56 par
521 1661 156 56 Renou,
630 1661 109 56 Sur
692 1661 93 56 le
739 1661 171 56 Louvre,
863 1661 140 56 Notes
957 1661 109 56 des
1019 1661 233 56 tapisseries
1190 1661 78 56 des

364 1705 146 48 grands
467 1705 175 48 maîtres,
598 1705 102 48 Vie
656 1705 88 48 de
700 1705 175 48 Boichot,
831 1705 160 48 portr.,
948 1705 263 48 Considérations
1167 1705 102 48 sur
1211 1705 58 48 la

366 1742 107 47 vie
427 1742 92 47 de
473 1742 122 47 Séb.
549 1742 184 47 Bourdon,
687 1742 168 47 portr.,
810 1742 153 47 Notice
917 1742 107 47 sur
978 1742 92 47 la
1024 1742 230 47 manufacture
1192 1742 77 47 des

361 1761 193 66 Gobelins,
510 1761 208 66 Appendices
673 1761 104 66 aux
733 1761 208 66 recherches
896 1761 104 66 sur
956 1761 134 66 l’art
1045 1761 208 66 statuaire,
1194 1761 74 66 Es-

363 1804 113 53 sai
427 1804 113 53 sur
492 1804 97 53 la
541 1804 145 53 fonte
638 1804 113 53 des
702 1804 194 53 anciens,
848 1804 178 53 Mémoire
977 1804 113 53 sur
1042 1804 97 53 la
1090 1804 178 53 manière
1203 1804 65 53 de

361 1843 182 56 peindre
494 1843 116 56 des
560 1843 198 56 Chinois,
708 1843 198 56 Histoire
857 1843 99 56 de
907 1843 99 56 la
956 1843 248 56 disposition
1154 1843 99 56 et
1187 1843 83 56 des

363 1878 156 52 formes
473 1878 109 52 que
535 1878 109 52 les
598 1878 203 52 chrétiens
754 1878 109 52 ont
816 1878 172 52 données
941 1878 78 52 à
972 1878 141 52 leurs
1066 1878 187 52 temples,
1191 1878 78 52 Re-

359 1908 185 49 cherches
497 1908 108 49 sur
559 1908 108 49 les
621 1908 170 49 casques
744 1908 108 49 des
806 1908 185 49 anciens,
944 1908 92 49 De
991 1908 231 49 l’influence
1176 1908 92 49 de
1206 1908 62 49 la

361 1944 181 59 peinture
497 1944 106 59 sur
557 1944 106 59 les
618 1944 121 59 arts
694 1944 242 59 d’industrie,
890 1944 242 59 Observations
1087 1944 106 59 sur
1147 1944 106 59 les
1193 1944 60 59 ta

366 1982 150 55 bleaux
471 1982 90 55 de
516 1982 90 55 la
561 1982 226 55 république,
742 1982 165 55 Rapport
862 1982 105 55 sur
922 1982 90 55 la
967 1982 241 55 restauration
1163 1982 90 55 du
1193 1982 75 55 ta-

360 2013 148 56 bleau
458 2013 99 56 de
508 2013 197 56 Raphaël,
656 2013 197 56 Peinture
804 2013 230 56 mécanique,
984 2013 148 56 Musée
1067 2013 197 56 olympique,

363 2047 245 61 introduction
562 2047 77 61 à
593 2047 169 61 l’étude
715 2047 92 61 du
761 2047 184 61 paysage,
899 2047 107 61 par
960 2047 184 61 Joubert,
1098 2047 169 61 Rapport
1206 2047 61 61 de

360 2089 231 52 Quatremère
541 2089 115 52 sur
607 2089 99 52 le
656 2089 214 52 Panthéon,
821 2089 198 52 monument
969 2089 82 52 à
1002 2089 99 52 la
1052 2089 165 52 gloire
1167 2089 99 52 de
1200 2089 66 52 la

362 2125 163 51 patrie,
481 2125 104 51 Sur
540 2125 148 51 l’état
644 2125 89 51 de
689 2125 89 51 la
733 2125 178 51 peinture
867 2125 89 51 en
911 2125 163 51 Italie,
1030 2125 104 51 Sur
1089 2125 104 51 les
1148 2125 119 51 arts
1208 2125 59 51 du

361 2163 144 43 dessin
461 2163 86 43 en
504 2163 158 43 France,
619 2163 72 43 2
648 2163 172 43 parties,
777 2163 187 43 Critiques
920 2163 100 43 des
978 2163 215 43 expositions
1150 2163 86 43 de
1179 2163 86 43 1769

362 2186 68 61 à
390 2186 110 61 l’an
458 2186 82 61 X,
499 2186 82 61 24
540 2186 151 61 pièces,
650 2186 110 61 etc.
718 2186 82 61 En
759 2186 110 61 tout
828 2186 96 61 170
883 2186 137 61 pièces
978 2186 110 61 in-8
1047 2186 82 61 et
1088 2186 82 61 12
1129 2186 110 61 br.,
1184 2186 82 61 plus

360 2230 92 64 un
406 2230 153 64 paquet
513 2230 92 64 de
559 2230 184 64 coupures
697 2230 92 64 de
743 2230 184 64 journaux
881 2230 199 64 relatives
1034 2230 107 64 aux
1095 2230 138 64 arts.
1187 2230 92 64 70
1218 2230 46 64 »

396 2258 195 60 Collection
549 2258 195 60 importante
702 2258 181 60 difficile
842 2258 70 60 à
856 2258 125 60 réunir.

246 2269 115 96 122.
317 2269 229 96 BIBLIOTHÉQUE
504 2269 201 96 historique
661 2269 86 96 de
704 2269 86 96 la
747 2269 158 96 France,
862 2269 100 96 par
919 2269 158 96 Jacques
1034 2269 129 96 Le
1105 2269 158 96 Long

364 2330 265 72 Paris,
585 2330 133 72 1719,
674 2330 147 72 in-f°,
777 2330 118 72 rel,
850 2330 118 72 veau
924 2330 118 72 (bel
998 2330 236 72 exemplaire).
1189 2330 88 72 12
1219 2330 44 72 »
