1626 2593
712 212 75 65 7

376 276 368 58 l’approvisionnement
696 276 112 58 des
760 276 176 58 armées,
888 276 112 58 ses
952 276 128 58 deux
1032 276 192 58 discours
1176 276 112 58 sur
1224 276 64 58 le

376 326 192 41 jugement
520 326 96 41 de
568 326 144 41 Louis
664 326 128 41 XVI,
744 326 112 41 son
808 326 176 41 dernier
937 326 192 41 discours
1081 326 96 41 du
1129 326 80 41 9
1145 326 144 41 thermi-

377 359 100 49 dor
434 359 86 49 an
477 359 100 49 II;
534 359 185 49 Fragments
676 359 100 49 sur
733 359 100 49 les
790 359 228 49 institutions
975 359 257 49 républicaines,
1175 359 114 49 précé-

375 394 103 44 dés
434 394 132 44 d’une
522 394 162 44 notice,
640 394 103 44 par
699 394 147 44 Ch.
802 394 162 44 Nodier.
920 394 206 44 Paris
1082 394 132 44 1831,
1170 394 88 44 en
1200 394 88 44 tout

375 425 214 49 quatorze
536 425 196 49 pièces,
678 425 160 49 in-8,
785 425 143 49 br.,
874 425 125 49 une
945 425 160 49 seule
1052 425 196 49 rognée.
1195 425 107 49 13
1231 425 53 49 »

264 438 114 76 193.
335 438 128 76 SIÈGE
420 438 114 76 (le)
491 438 85 76 de
534 438 171 76 Cythère,
662 438 142 76 poëme,
762 438 100 76 par
819 438 313 76 Demoustier
1089 438 171 76 première
1203 438 85 76 par

379 498 101 44 tie,
442 498 88 44 six
493 498 139 44 chants,
593 498 88 44 les
644 498 113 44 seuls
719 498 126 44 parns.
808 498 214 44 Paris
984 498 113 44 1790,
1059 498 113 44 in-8,
1135 498 88 44 br.
1173 498 113 44 (rare),

375 534 135 59 avec
460 534 152 59 envoi
561 534 236 59 autographe
747 534 152 59 signé
848 534 101 59 de
899 534 203 59 l’auteur
1051 534 84 59 à
1084 534 118 59 son
1152 534 118 59 ami
1203 534 84 59 Me-

303 571 805 40 nard.
839 571 447 40 3
928 571 358 40 50

255 596 140 67 494.
343 596 175 67 SIEYES
466 596 228 67 Emmanuel,
641 596 175 67 membre
763 596 105 67 de
816 596 105 67 la
869 596 245 67 Convention
1061 596 105 67 et
1114 596 105 67 du
1149 596 140 67 Direc

384 635 132 45 toire,
463 635 79 45 etc.

411 661 190 48 Qu’est-ce
557 661 102 48 que
616 661 88 48 le
659 661 219 48 tiers-état,
835 661 88 48 3e
878 661 175 48 édition;
1010 661 131 48 Essai
1097 661 102 48 sur
1156 661 102 48 les
1199 661 88 48 pri-

379 704 170 44 viléges;
507 704 114 44 Dire
578 704 99 44 sur
635 704 85 44 le
677 704 114 44 veto
748 704 142 44 royal,
848 704 99 44 sur
904 704 85 44 la
947 704 242 44 constitution,
1146 704 99 44 sur
1189 704 99 44 l’or-

380 743 202 38 ganisation
538 743 87 38 de
582 743 87 38 la
625 743 159 38 justice
740 743 87 38 et
784 743 87 38 de
827 743 87 38 la
870 743 144 38 police
971 743 87 38 en
1015 743 159 38 France;
1130 743 144 38 Notice
1217 743 72 38 sur

378 778 91 43 la
423 778 106 43 vie
484 778 91 43 de
529 778 167 43 Sieyes,
651 778 152 43 écrite
757 778 106 43 par
817 778 197 43 lui-même,
969 778 106 43 des
1029 778 182 43 opinions
1151 778 136 43 politi-

379 813 113 39 ques
450 813 85 39 du
492 813 156 39 citoyen
606 813 156 39 Sieyes,
719 813 99 39 par
776 813 213 39 OÉtsner.
946 813 198 39 Paris
1102 813 128 39 in-8,
1187 813 85 39 et
1215 813 71 39 six

379 851 200 47 rapports,
532 851 185 47 discours
671 851 92 47 ou
717 851 185 47 opinions
855 851 92 47 de
902 851 169 47 Sieyes,
1025 851 92 47 en
1071 851 123 47 tout
1132 851 154 47 quatorze

361 881 308 44 pièces
577 881 185 44 ou
669 881 247 44 vol.
824 881 277 44 in-8,
1009 881 216 44 br.
1132 881 185 44 12
1194 881 92 44 »

260 914 122 57 195.
336 914 214 57 SOUVENIRS,
504 914 183 57 Mémoires
642 914 92 57 et
688 914 168 57 Lettres
810 914 92 57 du
856 914 168 57 général
978 914 183 57 Maximien
1101 914 183 57 La

377 954 254 45 marque.
576 954 254 45 Paris
776 954 163 45 1835,
885 954 91 45 3
921 954 145 45 vol.
1012 954 163 45 in-8,
1121 954 145 45 br..
1211 954 91 45 6
1230 954 54 45 »

262 979 124 51 496.
340 979 155 51 TRAITÉ
449 979 109 51 des
511 979 202 51 symboles,
666 979 109 51 qui
728 979 140 51 donne
821 979 93 51 la
867 979 124 51 clef
945 979 93 51 de
991 979 155 51 toutes
1100 979 109 51 les
1146 979 140 51 allégo-

382 1024 110 42 ries
451 1024 110 42 tant
519 1024 151 42 sacrées
629 1024 96 42 que
684 1024 178 42 profanes,
820 1024 96 42 par
875 1024 301 42 Decourcelle.
1122 1024 164 42 Paris

355 1060 381 43 1806,
609 1060 424 43 in-42,
906 1060 297 43 br.
1075 1060 212 43 3
1117 1060 170 43 50

265 1068 132 67 197.
347 1068 230 67 VERGNIAUD,
528 1068 164 67 membre
643 1068 99 67 de
692 1068 99 67 la
741 1068 230 67 Convention
906 1068 197 67 nationale.

419 1122 164 47 Rapport
539 1122 105 47 sur
598 1122 105 47 les
658 1122 164 47 travaux
778 1122 90 47 de
823 1122 224 47 l’Assemblée
1002 1122 254 47 constituante;
1196 1122 90 47 Pro-

379 1158 112 46 jet
443 1158 207 46 d’adresse
602 1158 96 46 au
650 1158 175 46 peuple;
778 1158 191 46 Discours
921 1158 112 46 sur
985 1158 112 46 les
1049 1158 207 46 émigrans;
1192 1158 96 46 Opi-

381 1201 157 34 nions
485 1201 122 34 sur
555 1201 105 34 la
607 1201 227 34 situation
782 1201 105 34 de
834 1201 105 34 la
887 1201 192 34 France;
1026 1201 105 34 Le
1079 1201 209 34 jugement
1218 1201 70 34 de

380 1232 143 41 Louis
476 1232 127 41 XVI;
555 1232 191 41 l’Office
698 1232 95 41 de
746 1232 239 41 l’empereur,
937 1232 95 41 et
985 1232 175 41 Réponse
1112 1232 111 41 aux
1160 1232 127 41 calom-

376 1273 152 52 nies
471 1273 114 52 de
528 1273 304 52 Robespierre.
775 1273 152 52 Sept
869 1273 209 52 pièces,
1021 1273 171 52 in-8,
1135 1273 133 52 br.
1211 1273 95 52 4
1230 1273 57 52 »

262 1279 130 69 198.
343 1279 163 69 VÉRITÉ
457 1279 114 69 (de
522 1279 130 69 la),
604 1279 98 69 ce
653 1279 114 69 que
718 1279 130 69 nous
799 1279 163 69 fûmes,
913 1279 98 69 ce
962 1279 114 69 que
1027 1279 130 69 nous
1109 1279 179 69 sommes,
1223 1279 65 69 ce

376 1337 90 42 que
428 1337 103 42 nous
492 1337 154 42 devrions
607 1337 116 42 être,
684 1337 90 42 par
736 1337 218 42 Grétry
916 1337 77 42 de
954 1337 193 42 l’Institut.
1095 1337 193 42 Paris

360 1376 309 47 1801,
566 1376 172 47 3
634 1376 274 47 vol.
806 1376 309 47 in-8,
1012 1376 240 47 br.
1149 1376 172 47 4
1183 1376 103 47 »

262 1389 116 79 499.
334 1389 101 79 VIE
392 1389 144 79 PRIVÉE
493 1389 87 79 du
536 1389 173 79 Cardinal
666 1389 202 79 Dubois.
825 1389 231 79 Londres
1013 1389 130 79 1789,
1099 1389 130 79 in-8,
1171 1389 116 79 portr.

282 1441 783 56 br.
730 1441 559 56 2
842 1441 448 56 50

260 1453 118 70 200.
334 1453 147 70 VOYAGE
437 1453 220 70 pittoresque
613 1453 118 70 dans
686 1453 88 70 la
731 1453 176 70 province
863 1453 88 70 du
907 1453 220 70 Roussillon.
1069 1453 220 70 Paris

369 1508 251 58 1788,
536 1508 278 58 in-12,
731 1508 362 58 demi-rel.
1010 1508 223 58 bas.
1149 1508 139 58 4
1177 1508 111 58 75

621 1547 178 72 LIVRES
746 1547 107 72 DE
782 1547 143 72 FONDS.

293 1599 220 63 BULLETINS
462 1599 101 63 du
513 1599 254 63 département
716 1599 101 63 de
767 1599 304 63 Rhône-et-Loire
1020 1599 118 63 (ou
1088 1599 101 63 du
1139 1599 152 63 siége
1223 1599 68 63 de

260 1633 169 58 Lyon),
378 1633 101 58 du
429 1633 84 58 8
463 1633 135 58 août
547 1633 101 58 au
598 1633 101 58 30
648 1633 219 58 septembre
817 1633 152 58 1793,
919 1633 203 58 imprimés
1071 1633 118 58 par
1138 1633 152 58 ordre
1222 1633 68 58 du

258 1684 154 45 comité
365 1684 92 45 de
412 1684 247 45 surveillance
612 1684 92 45 et
658 1684 92 45 de
704 1684 139 45 salut
797 1684 154 45 public
905 1684 92 45 de
951 1684 139 45 Lyon,
1043 1684 170 45 publiés
1167 1684 108 45 par
1213 1684 77 45 les

259 1724 123 42 soins
341 1724 82 42 de
383 1724 219 42 Charavay,
560 1724 96 42 sur
615 1724 82 42 le
656 1724 110 42 seul
725 1724 192 42 exemplaire
875 1724 192 42 connu
1026 1724 137 42 suivis
1122 1724 96 42 des
1163 1724 123 42 princi-

264 1758 116 37 paux
336 1758 188 37 bulletins
480 1758 87 37 et
524 1758 159 37 arrêtés
639 1758 101 37 des
697 1758 188 37 autorités
842 1758 202 37 militaires
1001 1758 173 37 chargées
1131 1758 87 37 de
1174 1758 87 37 la
1203 1758 87 37 con-

254 1794 182 37 duite
375 1794 121 37 du
436 1794 202 37 siège.
577 1794 344 37 Paris
860 1794 182 37 1845,
982 1794 182 37 in-4,
1103 1794 142 37 br.
1184 1794 121 37 45
1224 1794 61 37 »

329 1821 135 45 Ce
419 1821 120 45 rarc
494 1821 90 45 et
539 1821 195 45 important
688 1821 165 45 journal
808 1821 105 45 qui
868 1821 120 45 doit
943 1821 165 45 trouver
1062 1821 135 45 place
1137 1821 150 45 dans

297 1851 175 59 toutes
431 1851 94 59 les
485 1851 202 59 collections
646 1851 202 59 historiques
807 1851 94 59 sur
861 1851 81 59 la
901 1851 202 59 Révolution,
1063 1851 94 59 n’a
1116 1851 94 59 été
1157 1851 134 59 tiré

296 1898 159 57 qu’à
411 1898 101 57 250
469 1898 216 57 exemplaires
641 1898 101 57 sur
699 1898 101 57 bon
757 1898 159 57 papier,
872 1898 115 57 tous
944 1898 187 57 numérotés
1088 1898 86 57 et
1117 1898 173 57 signés

295 1921 102 52 par
356 1921 164 52 l’éditeur

295 1941 196 76 HISTOIRE
441 1941 98 76 de
490 1941 147 76 Lyon,
588 1941 163 76 depuis
702 1941 98 76 sa
751 1941 212 76 fondation
914 1941 179 76 jusqu’à
1045 1941 114 76 nos
1110 1941 163 76 jours,
1208 1941 82 76 par

263 1981 214 67 Clerjon
442 1981 71 67 et
477 1981 202 67 Morin
644 1981 95 67 orné
704 1981 71 67 de
739 1981 71 67 56
775 1981 107 67 grav.
846 1981 190 67 Lyon
1001 1981 107 67 1830,
1073 1981 60 67 6
1097 1981 95 67 vol.
1156 1981 107 67 in-8,
1216 1981 71 67 br.,

249 2037 346 45 augmentée
515 2037 239 45 d’une
675 2037 239 45 table
835 2037 399 45 analytique.
1154 2037 160 45 32
1207 2037 80 45 »

293 2059 140 54 TABLE
387 2059 186 54 générale
527 2059 93 54 et
573 2059 218 54 analytique
744 2059 109 54 des
806 2059 186 54 matières
946 2059 202 54 contenues
1102 2059 124 54 dans
1164 2059 124 54 l’his-

261 2102 145 60 toire
357 2102 96 60 de
406 2102 129 60 Lyon
486 2102 225 60 ci-dessus,
663 2102 193 60 précédée
807 2102 145 60 d’une
903 2102 145 60 table
1000 2102 273 60 chronologique
1209 2102 80 60 des

263 2138 146 54 livres
366 2138 88 54 de
409 2138 131 54 cette
497 2138 190 54 histoire.
643 2138 234 54 Lyon
833 2138 131 54 1845,
921 2138 131 54 in-8,
1008 2138 117 54 pap.
1081 2138 131 54 vél.,
1169 2138 102 54 br.
1228 2138 73 54 2
1242 2138 44 54 »

236 2171 272 47 Sur
392 2171 350 47 grand
625 2171 350 47 jésus
859 2171 389 47 vélin.
1131 2171 195 47 4
1170 2171 117 47 »

293 2209 171 60 LETTRES
418 2209 78 60 à
449 2209 93 60 ma
496 2209 140 60 fille
589 2209 109 60 sur
651 2209 109 60 mes
713 2209 218 60 promenades
885 2209 78 60 à
916 2209 140 60 Lyon,
1009 2209 109 60 par
1056 2209 233 60 Mazade

254 2219 317 74 d'Avcize.
512 2219 278 74 Lyon,
730 2219 178 74 1810,
849 2219 99 74 4
889 2219 159 74 vol.
988 2219 198 74 in-18,
1126 2219 139 74 br.
1206 2219 99 74 2
1226 2219 59 74 »

296 2278 135 57 VOYAGE
391 2278 203 57 pittoresque
554 2278 81 57 et
594 2278 190 57 historique
743 2278 68 57 à
770 2278 122 57 Lyon,
852 2278 95 57 par
906 2278 190 57 Fortis.
1055 2278 190 57 Paris
1190 2278 95 57 1821,

225 2299 253 86 2
326 2299 404 86 vol.
578 2299 455 86 in-8,
881 2299 354 86 br.
1083 2299 253 86 3
1134 2299 152 86 »
