1626 2593
683 197 87 61 3

241 239 110 63 137.
310 239 221 63 DISSERTATION
490 239 97 63 sur
545 239 83 63 la
586 239 166 63 position
711 239 83 63 de
752 239 193 63 l’ancienne
904 239 124 63 ville
987 239 262 63 d'Aéria
1194 239 69 63 par

360 291 89 46 MM.
411 291 241 46 Sabatery
614 291 76 46 et
652 291 229 46 Auzias
843 291 140 46 avocats
945 291 64 46 à
970 291 76 46 la
1008 291 102 46 cour
1072 291 127 46 royale
1160 291 76 46 de
1186 291 76 46 Gre-

363 326 150 47 noble,
468 326 195 47 manuscrit
618 326 90 47 de
662 326 90 47 23
707 326 135 47 pages
782 326 120 47 in

395 348 235 63 Dissertation
586 348 103 63 sur
645 348 88 63 un
689 348 132 63 autel
778 348 162 63 antique
895 348 88 63 et
939 348 103 63 sur
998 348 250 63 l’inscription
1189 348 74 63 qui

359 393 68 46 y
387 393 96 46 est
441 393 151 46 gravée,
551 393 96 46 par
606 393 137 46 l’abbé
702 393 260 46 Chalieu
921 393 192 46 antiquaire
1071 393 68 46 à
1099 393 123 46 Tain,
1167 393 96 46 copie

357 429 242 66 collationnée
553 429 106 66 sur
614 429 91 66 le
659 429 197 66 manuscrit
810 429 91 66 de
856 429 197 66 l’auteur,
1007 429 106 66 121
1067 429 136 66 pages
1143 429 121 66 in

330 470 311 34 Les
507 470 355 34 deux
729 470 488 34 pièces,
1084 470 222 34 6
1129 470 133 34 »

244 490 128 56 138.
324 490 191 56 DULAURE,
467 490 271 56 conventionnel
691 490 96 56 et
739 490 223 56 historien.
914 490 223 56 Supplément
1090 490 112 56 aux
1137 490 128 56 crimes

359 537 111 39 des
423 537 174 39 anciens
549 537 174 39 comités
676 537 95 39 de
724 537 270 39 gouvernement,
946 537 127 39 avec
1025 537 222 39 l’histoire
1184 537 79 39 des

356 576 240 49 conspirations
554 576 99 49 des
610 576 85 49 10
653 576 113 49 mars
723 576 85 49 et
766 576 85 49 34
808 576 99 49 mai
864 576 127 49 1793.
949 576 240 49 Paris
1147 576 85 49 an
1175 576 85 49 III.

362 608 177 36 Rapport
491 608 96 36 et
539 608 257 36 dénonciation
748 608 96 36 du
796 608 145 36 même.
892 608 80 36 3
924 608 161 36 pièces
1037 608 145 36 in-8,
1133 608 113 36 br.
1198 608 80 36 4
1214 608 48 36 »

242 636 139 44 139.
328 636 173 44 DURAND
450 636 225 44 MAILLANE,
623 636 173 44 membre
744 636 104 44 de
796 636 104 44 la
848 636 260 44 convention.
1056 636 191 44 Rapport
1177 636 87 44 sur

364 678 92 43 le
410 678 138 43 Midi,
502 678 169 43 réponse
624 678 92 43 au
670 678 169 43 mémoire
793 678 92 43 de
839 678 153 43 Fréron
946 678 107 43 sur
1007 678 92 43 le
1053 678 138 43 Midi,
1130 678 138 43 rapport

328 714 76 36 «
358 714 106 36 sur
419 714 106 36 les
479 714 257 36 dénonciations
691 714 166 36 portées
812 714 151 36 contre
918 714 106 36 les
979 714 166 36 membres
1100 714 91 36 de
1145 714 91 36 la
1175 714 91 36 con-

365 745 164 40 vention,
488 745 164 40 discours
611 745 95 40 sur
665 745 95 40 les
720 745 123 40 fêtes
802 745 82 40 et
842 745 82 40 la
883 745 150 40 liberté
992 745 95 40 des
1047 745 150 40 cultes,
1156 745 82 40 et
1183 745 82 40 opi-

363 785 122 41 nion
439 785 107 41 sur
500 785 92 41 lé
546 785 183 41 jugément
683 785 92 41 de
729 785 137 41 Louis
821 785 122 41 XVI.
897 785 76 41 5
927 785 153 41 pièces
1034 785 137 41 in-8,
1126 785 107 41 br.
1187 785 76 41 2
1202 785 61 41 50

248 810 120 49 140.
323 810 195 49 HIISTOIRE
473 810 240 49 apologétique
667 810 90 49 du
712 810 150 49 comité
817 810 269 49 ecclésiastique
1041 810 90 49 de
1071 810 195 49 l’assemblée

364 852 185 42 nationale.
509 852 225 42 Paris
695 852 119 42 1791,
774 852 119 42 in-8,
854 852 106 42 demi
920 852 159 42 reliure,
1039 852 106 42 veau
1105 852 66 42 à
1132 852 119 42 nerfs
1198 852 66 42 non

294 887 883 40 rogné.
912 887 442 40 6
1000 887 265 40 »

401 920 186 44 Exemplaire
547 920 107 44 avec
614 920 120 44 envoi
694 920 80 44 a.
734 920 80 44 s.
773 920 80 44 de
813 920 133 44 Durand
907 920 160 44 Maillane
1026 920 67 44 à
1040 920 226 44 Chasset

365 951 102 44 deux
429 951 127 44 pièces
518 951 115 44 dudit
594 951 140 44 comité,
696 951 140 44 signées
798 951 242 44 Massieu
1002 951 140 44 évêque,
1091 951 178 44 Guil

368 993 167 47 laume,
497 993 167 47 Gerte
625 993 77 47 et
664 993 257 47 Expilly,
882 993 103 47 plus
947 993 90 47 une
998 993 116 47 pièce
1075 993 129 47 signée
1165 993 90 47 par
1204 993 64 47 les

369 1028 97 39 abbés
434 1028 65 39 de
466 1028 194 39 Broglie
628 1028 65 39 et
661 1028 65 39 de
682 1028 173 39 Juigné

249 1054 109 50 141.
317 1054 176 50 ESQUISSES
453 1054 204 50 historiques
616 1054 81 50 de
656 1054 81 50 la
697 1054 190 50 révolution
846 1054 190 50 française,
996 1054 95 50 par
1036 1054 231 50 Dulaure

369 1098 311 51 Paris
625 1098 164 51 1823.
734 1098 91 51 5
771 1098 164 51 in-8,
880 1098 256 51 demi-rel.,
1081 1098 146 51 bas.
1173 1098 110 51 15
1209 1098 55 51 »

404 1129 112 62 Cet
468 1129 224 62 exemplaire
644 1129 80 62 a
676 1129 96 62 65
724 1129 208 62 portraits
885 1129 96 62 ou
933 1129 192 62 gravures
1077 1129 96 62 et
1125 1129 96 62 11
1157 1129 112 62 auto

345 1159 169 50 graphes.

248 1189 117 56 142.
321 1189 131 56 ESSAI
409 1189 102 56 sur
468 1189 205 56 l’histoire
628 1189 88 56 de
672 1189 88 56 la
716 1189 205 56 révolution
877 1189 205 56 française,
1037 1189 102 56 par
1096 1189 102 56 une
1140 1189 131 56 société

367 1243 172 56 d’auteurs
499 1243 133 56 latins
592 1243 133 56 (Héron
685 1243 80 56 de
725 1243 212 56 Villefosse).
897 1243 199 56 Rome
1056 1243 119 56 1803,
1135 1243 119 56 in-8,
1202 1243 66 56 br.

341 1273 484 43 (ouvragé
704 1273 524 43 curieux).
1107 1273 202 43 2
1147 1273 121 43 »

249 1303 122 47 143.
325 1303 137 47 ETATS
416 1303 137 47 (les)
508 1303 183 47 généraux
645 1303 91 47 du
691 1303 198 47 Parnasse,
843 1303 91 47 de
889 1303 198 47 l’Europe,
1041 1303 91 47 de
1087 1303 183 47 l’Eglise
1209 1303 61 47 et

364 1345 84 56 de
406 1345 167 56 Cythère,
531 1345 139 56 poëmes
629 1345 98 56 par
685 1345 167 56 Dorat
810 1345 181 56 Cubières.
949 1345 195 56 Paris
1103 1345 125 56 1791,
1172 1345 98 56 in

332 1379 624 49 demi-rel.,
823 1379 357 49 bas.
1046 1379 223 49 2
1091 1379 178 49 25

244 1410 131 58 144.
326 1410 180 58 FAUCHET
457 1410 197 58 (Claude)
604 1410 164 58 évêque
719 1410 98 58 du
768 1410 213 58 Calvados,
932 1410 98 58 et
965 1410 262 58 conventionnel.

400 1450 224 48 Dénonciation
582 1450 140 48 contre
680 1450 196 48 Delessart,
834 1450 126 48 trois
918 1450 168 48 discours
1044 1450 98 48 sur
1100 1450 84 48 la
1128 1450 140 48 liberté,

363 1482 173 46 Fauchet
489 1482 79 46 à
520 1482 157 46 trente
630 1482 204 46 Jacobins,
787 1482 79 46 à
819 1482 94 46 la
866 1482 236 46 Convention,
1054 1482 173 46 rapport
1180 1482 94 46 de
1211 1482 63 46 sa

366 1519 169 38 mission
489 1519 123 38 dans
566 1519 92 38 le
612 1519 231 38 département
797 1519 92 38 de
843 1519 185 38 l’Yonne,
981 1519 92 38 de
1028 1519 92 38 la
1074 1519 185 38 religion
1197 1519 77 38 na-

368 1556 158 39 tionale,
486 1556 118 39 1789,
565 1556 79 39 sa
604 1556 92 39 vie
657 1556 92 39 par
709 1556 171 39 l'abbé
841 1556 79 39 de
880 1556 236 39 Valmeron,
1077 1556 158 39 motions,
1182 1556 92 39 etc.,

350 1590 168 44 en
434 1590 224 44 tout
574 1590 168 44 15
658 1590 280 44 pièces
854 1590 252 44 in-8,
1022 1590 196 44 br.
1134 1590 140 44 7
1162 1590 112 44 50

244 1623 131 46 145.
325 1623 147 46 GARAT
424 1623 196 46 (D.-J.),
571 1623 196 46 Mémoires
718 1623 115 46 sur
784 1623 98 46 la
833 1623 246 46 Révolution,
1029 1623 164 46 Paris,
1144 1623 98 46 an
1177 1623 98 46 III,

367 1659 107 42 in-8
433 1659 107 42 br.,
500 1659 107 42 deux
567 1659 254 42 discours
780 1659 80 42 et
820 1659 93 42 une
874 1659 120 42 autre
954 1659 120 42 pièce
1034 1659 80 42 le
1074 1659 200 42 concernant;
1221 1659 53 42 en

340 1698 326 41 tout
544 1698 204 41 3
625 1698 285 41 br.
788 1698 244 41 ou
910 1698 326 41 vol.
1114 1698 204 41 3
1155 1698 122 41 »

245 1718 131 48 146.
326 1718 180 48 GORSAS,
457 1718 164 48 membre
572 1718 98 48 de
621 1718 98 48 la
670 1718 246 48 convention,
867 1718 164 48 précis
981 1718 164 48 rapide
1096 1718 115 48 des
1145 1718 131 48 événe

363 1764 142 45 ments
458 1764 95 45 du
505 1764 95 45 31
553 1764 111 45 mai
616 1764 142 45 1793,
711 1764 189 45 journées
853 1764 111 45 des
916 1764 95 45 13
963 1764 95 45 et
1011 1764 95 45 14
1058 1764 205 45 germinal,
1200 1764 79 45 les

367 1801 179 43 premiers
501 1801 134 43 jours
591 1801 89 43 de
635 1801 194 43 prairial;
784 1801 149 43 épître
889 1801 75 43 à
918 1801 164 43 Gorsas,
1038 1801 89 43 et
1067 1801 209 43 réponds

359 1837 224 37 Gorsas
515 1837 291 37 l’honnête
739 1837 224 37 homme,
895 1837 112 37 5
940 1837 201 37 in-8,
1074 1837 156 37 br.
1163 1837 112 37 4
1186 1837 89 37 50

244 1867 129 45 447.
325 1867 226 45 GRÉÈGOIRE,
503 1867 162 45 évêque
616 1867 97 45 et
664 1867 291 45 conventionnel.
907 1867 97 45 De
956 1867 97 45 la
1004 1867 243 45 domesticité
1182 1867 97 45 chez

365 1904 95 47 les
420 1904 150 47 peuples
529 1904 150 47 anciens
637 1904 82 47 et
678 1904 177 47 modernes.
814 1904 231 47 Paris
1004 1904 122 47 1814,
1086 1904 109 47 in-8
1140 1904 136 47 dérellé.

1176 1944 103 39 2
1196 1944 82 39 25

248 1955 123 61 148.
324 1955 138 61 GUIDE
416 1955 92 61 du
462 1955 184 61 voyageur
600 1955 92 61 et
646 1955 92 61 de
692 1955 199 61 l’amateur
846 1955 77 61 à
876 1955 138 61 Lyon,
968 1955 107 61 par
1014 1955 261 61 Cochard

362 2010 342 38 Lyon
636 2010 205 38 1826,
773 2010 228 38 in-18,
932 2010 228 38 carte,
1092 2010 160 38 br.
1183 2010 114 38 4
1206 2010 68 38 »

246 2038 123 54 149.
323 2038 139 54 GUIDE
415 2038 231 54 pittoresque
600 2038 93 54 de
647 2038 216 54 l’étranger
816 2038 77 54 à
847 2038 123 54 Lyon
924 2038 93 54 et
971 2038 123 54 dans
1048 2038 93 54 le
1078 2038 201 54 département

364 2082 86 60 du
407 2082 143 60 Rhône.
506 2082 243 60 Paris
706 2082 128 60 1838,
792 2082 128 60 in-8,
877 2082 86 60 17
920 2082 171 60 gravures
1049 2082 86 60 et
1091 2082 71 60 1
1120 2082 143 60 carte,
1206 2082 71 60 br.

1141 2106 138 56 175

249 2145 114 43 150.
320 2145 172 43 HISTOIRE
449 2145 172 43 critique
578 2145 86 43 de
620 2145 86 43 la
663 2145 229 43 philosophie,
849 2145 100 43 par
906 2145 243 43 Destandes.
1092 2145 186 43 Amster

367 2188 210 44 dam
535 2188 126 44 1756,
619 2188 70 44 4
647 2188 112 44 vol.
717 2188 154 44 in-12.,
829 2188 112 44 rel.
899 2188 112 44 veau
969 2188 112 44 (bel
1039 2188 224 44 exemplaire).
1221 2188 70 44 6
1235 2188 42 44 »

248 2219 131 40 154.
329 2219 196 40 HISTOIRE
477 2219 98 40 de
526 2219 180 40 Charles
657 2219 164 40 Dupuy,
772 2219 196 40 surnommé
919 2219 98 40 le
968 2219 164 40 brave,
1083 2219 196 40 seigneur
1214 2219 65 40 de

367 2257 179 42 Montbrun,
505 2257 97 42 par
560 2257 124 42 J.
643 2257 110 42 -Cl.
712 2257 152 42 Martin.
823 2257 193 42 Paris
974 2257 124 42 1816.
1057 2257 69 42 —
1071 2257 207 42 Procès

365 2293 116 57 des
432 2293 232 57 évènements
614 2293 116 57 qui
681 2293 100 57 se
730 2293 133 57 sont
813 2293 166 57 passés
930 2293 83 57 à
963 2293 166 57 Romans
1079 2293 100 57 en
1112 2293 166 57 1814.—Et
