2125 3053
861 284 161 40 —
925 284 225 40 177
1022 284 96 40 —

269 376 217 53 MARROT
421 376 260 53 (Henry),
617 376 130 53 né
682 376 109 53 à
725 376 130 53 la
790 376 326 53 Souterraine
1051 376 282 53 (Creuse).
1268 376 109 53 —
1311 376 152 53 60,
1398 376 130 53 r.
1463 376 217 53 Monge,
1593 376 109 53 5e.

409 457 310 46 3137
658 457 124 46 Le
720 457 228 46 jardin.
885 457 103 46 —
927 457 145 46 750
989 457 103 46 fr.

409 495 299 57 3138
648 495 120 57 Le
708 495 159 57 pont
808 495 139 57 des
887 495 159 57 Arts
987 495 120 57 et
1047 495 279 57 l’Institut
1266 495 339 57 (aquarelle).—
1545 495 139 57 300
1604 495 100 57 fr.

408 552 315 48 3139
660 552 126 48 La
723 552 252 48 cascade.
911 552 105 48 —
953 552 147 48 500
1016 552 105 48 fr.

268 649 286 54 MARSEILLE
488 649 286 54 (Pierre),
709 649 132 54 né
775 649 110 54 à
819 649 308 54 Marseille.
1061 649 110 54 —
1105 649 154 54 85,
1193 649 132 54 r.
1259 649 132 54 de
1325 649 198 54 Rome,
1436 649 264 54 Marseille.

406 729 318 49 3140
660 729 149 49 Vue
745 729 127 49 de
809 729 212 49 Nyons.
957 729 106 49 —
1000 729 191 49 1.000
1106 729 106 49 fr.

407 780 320 45 3141
663 780 235 45 Marine.
834 780 107 45 —
876 780 149 45 500
940 780 107 45 fr.

408 823 321 51 3142
665 823 236 51 Paysage
836 823 321 51 (Provence).
1093 823 107 51 —
1136 823 150 51 500
1200 823 107 51 fr.

408 871 316 51 3143
661 871 232 51 Paysage
830 871 316 51 (Provence).
1083 871 105 51 —
1125 871 148 51 500
1189 871 105 51 fr.

264 973 228 53 MARTEL
424 973 228 53 (Jan),
584 973 137 53 né
652 973 137 53 au
721 973 228 53 Mollin
880 973 297 53 (Vendée).
1108 973 114 53 —
1154 973 137 53 6,
1222 973 160 53 rue
1314 973 297 53 Huyghens,
1519 973 137 53 14e.

407 1045 324 56 3144
667 1045 130 56 Le
731 1045 324 56 Familistère
990 1045 281 56 (marbre),
1206 1045 302 56 bas-relief
1444 1045 130 56 du
1487 1045 216 56 monument

629 1095 158 45 aux
720 1095 204 45 Morts
856 1095 136 45 du
923 1095 339 45 Familistère
1195 1095 136 45 de
1240 1095 181 45 Guise.

407 1137 304 59 3145
650 1137 142 59 Les
731 1137 243 59 boxeurs,
913 1137 283 59 bas-relief
1135 1137 283 59 (plaquette
1358 1137 162 59 pour
1439 1137 263 59 challenge).

631 1189 149 55 (En
716 1189 361 55 collaboration
1013 1189 170 55 avec
1120 1189 170 55 Joël
1205 1189 213 55 Martel.)

266 1293 221 55 MARTEL
421 1293 243 55 (Joël),
597 1293 133 55 né
664 1293 133 55 au
730 1293 221 55 Mollin
885 1293 287 55 (Vendée).
1106 1293 110 55 —
1150 1293 133 55 6,
1216 1293 155 55 rue
1305 1293 287 55 Huyghens,
1503 1293 133 55 14e.

407 1365 335 58 3146
675 1365 156 58 Les
764 1365 268 58 fondeurs
965 1365 291 58 (marbre),
1189 1365 313 58 bas-relief
1435 1365 134 58 du
1479 1365 224 58 monument

629 1410 163 52 aux
722 1410 210 52 Morts
862 1410 140 52 du
932 1410 350 52 Familistère
1211 1410 140 52 de
1281 1410 210 52 Guise
1398 1410 233 52 (Aisne).

406 1456 347 63 3147
684 1456 162 63 Vue
776 1456 324 63 d’ensemble
1031 1456 139 63 du
1100 1456 278 63 monument
1309 1456 162 63 aux
1401 1456 208 63 Morts
1540 1456 139 63 du
1586 1456 116 63 Fa

629 1513 275 47 milistère
841 1513 127 47 de
904 1513 191 47 Guise
1010 1513 233 47 (dessin).

408 1557 335 58 3148
676 1557 313 58 Bas-relief
922 1557 291 58 (plâtre),
1145 1557 268 58 fragment
1346 1557 134 58 du
1413 1557 268 58 monument
1592 1557 112 58 aux

632 1605 209 49 Morts
771 1605 140 49 de
841 1605 488 49 St-Gilles-sur-Vic
1236 1605 256 49 (Vendée).

264 1711 283 61 MARTENNE
477 1711 283 61 (Thérèse
689 1711 189 61 dé),
806 1711 165 61 née
901 1711 118 61 à
948 1711 283 61 Pontoise
1160 1711 471 61 (Seine-et-Oise).
1561 1711 118 61 —
1584 1711 118 61 16,

312 1772 140 39 rue
392 1772 120 39 de
452 1772 120 39 la
512 1772 301 39 Procession,
733 1772 120 39 15e.

407 1834 324 55 3149
666 1834 216 55 Nature
817 1834 216 55 morte.
968 1834 108 55 —
1011 1834 151 55 250
1076 1834 108 55 fr.

407 1873 325 65 3150
667 1873 152 65 Sur
754 1873 130 65 la
819 1873 195 65 route
948 1873 130 65 de
1013 1873 281 65 Massignac
1230 1873 325 65 (Charente).
1490 1873 108 65 —
1533 1873 152 65 200
1598 1873 108 65 fr.

407 1921 329 65 3151
671 1921 242 65 Paysâge
846 1921 132 65 en
912 1921 286 65 septembre
1132 1921 286 65 (Morvan).
1351 1921 110 65 —
1395 1921 154 65 200
1461 1921 110 65 fr.

265 2030 298 66 MARTILLY
488 2030 347 66 (Edouard),
761 2030 149 66 né
836 2030 124 66 à
885 2030 298 66 Beauvais
1109 2030 273 66 (Oise).
1307 2030 124 66 —
1357 2030 174 66 26,
1456 2030 248 66 avenue
1605 2030 99 66 de

318 2101 236 38 Breteuil,
481 2101 91 38 7e.

414 2149 258 62 3151
620 2149 172 62 bis
740 2149 172 62 a)
861 2149 172 62 Projet
981 2149 241 62 d’affiche.
1170 2149 86 62 —
1204 2149 120 62 300
1256 2149 86 62 fr.

681 2197 227 58 b)
855 2197 174 58 Projet
977 2197 244 58 d’affiche.
1169 2197 87 58 —
1204 2197 122 58 300
1256 2197 87 58 fr.

680 2240 243 63 c)
867 2240 299 63 Saint-Tropez
1110 2240 299 63 (aquarelle).
1352 2240 93 63 —
1390 2240 131 63 150
1446 2240 93 63 fr.

681 2287 242 64 d)
868 2287 168 64 Vieux
980 2287 168 64 port,
1091 2287 242 64 Marseille
1278 2287 298 64 (aquarelle).
1520 2287 93 64 —
1558 2287 130 64 300
1613 2287 75 64 fr

268 2399 224 69 MARTIN
425 2399 404 69 (Claude-René),
761 2399 135 69 né
828 2399 112 69 à
873 2399 224 69 Paris.
1030 2399 112 69 —
1075 2399 157 69 12,
1165 2399 157 69 rue
1255 2399 135 69 de
1322 2399 292 69 l’Abbaye,
1524 2399 112 69 6e.

414 2487 263 50 3152
607 2487 193 50 Portrait.

410 2528 309 57 3153
658 2528 185 57 Etude
781 2528 227 57 figure.
946 2528 103 57 —
987 2528 185 57 2.000
1090 2528 103 57 fr.

411 2576 303 58 3154
653 2576 242 58 Paysage.
835 2576 101 58 —
875 2576 182 58 1.800
976 2576 101 58 fr.
