2088 3053
440 476 435 117 1923
712 476 272 117 —
821 476 708 117 CATALOGUE
1365 476 272 117 -
1419 476 327 117 1923

332 703 871 142 SERVICE
965 703 554 142 DES
1203 703 633 142 VENTES

743 833 236 111 A
790 833 660 111 L’EXPOSITION

463 1124 200 75 Tous
588 1124 175 75 les
688 1124 299 75 ouvrages
912 1124 349 75 mentionnés
1186 1124 150 75 au
1261 1124 274 75 présent
1461 1124 324 75 catalogue
1685 1124 150 75 sont

385 1187 245 99 offerts
563 1187 134 99 au
630 1187 223 99 public
786 1187 156 99 aux
875 1187 178 99 prix
987 1187 268 99 désignés
1187 1187 156 99 par
1277 1187 156 99 les
1366 1187 268 99 artistes
1544 1187 290 99 sans

380 1274 472 76 interposition
781 1274 259 76 d’aucun
946 1274 472 76 intermédiaire.

463 1360 166 85 Ces
558 1360 189 85 prix
676 1360 142 85 ne
747 1360 308 85 subissent
984 1360 237 85 aucune
1150 1360 355 85 majoration.
1434 1360 166 85 Les
1505 1360 331 85 acquisitions

380 1464 188 73 sont
498 1464 353 73 exemptes
780 1464 141 73 de
851 1464 188 73 tous
968 1464 259 73 droits,
1156 1464 212 73 taxes
1297 1464 141 73 ou
1344 1464 306 73 impôts.

460 1537 169 91 MM.
556 1537 169 91 les
653 1537 313 91 visiteurs
894 1537 337 91 trouveront
1159 1537 145 91 au
1231 1537 361 91 Secrétariat
1520 1537 145 91 de
1568 1537 265 91 l’Exposi-

375 1624 208 96 tion
505 1624 208 96 tous
635 1624 469 96 renseignements
1026 1624 365 96 concernant
1312 1624 156 96 la
1390 1624 234 96 vente
1547 1624 182 96 des
1625 1624 208 96 œuvres

350 1723 275 84 exposées.

462 1817 508 82 L’Administration
894 1817 152 82 de
970 1817 152 82 la
1046 1817 280 82 Société
1249 1817 152 82 se
1326 1817 254 82 charge
1504 1817 305 82 d’aviser
1707 1817 127 82 les

379 1896 290 69 artistes
597 1896 169 69 des
693 1896 242 69 ventes
863 1896 339 69 effectuées
1129 1896 218 69 ainsi
1274 1896 169 69 que
1371 1896 145 69 de
1444 1896 145 69 la
1492 1896 339 69 transmission

382 1960 154 94 des
470 1960 220 94 offres
624 1960 154 94 qui
712 1960 308 94 pourraient
954 1960 176 94 être
1064 1960 220 94 faites
1219 1960 132 94 en
1285 1960 154 94 vue
1373 1960 132 94 de
1439 1960 132 94 la
1505 1960 330 94 réalisation
1747 1960 88 94 de

383 2056 313 77 commandes
624 2056 144 77 ou
696 2056 144 77 de
768 2056 409 77 l’acquisition
1105 2056 169 77 des
1202 2056 289 77 ouvrages
1394 2056 241 77 exposés.

549 2300 223 78 Les
705 2300 246 78 bureaux
884 2300 134 78 du
951 2300 335 78 Secrétariat
1218 2300 134 78 de
1263 2300 402 78 l’Exposition

705 2375 186 93 se
829 2375 248 93 trouvent
1015 2375 124 93 au
1057 2375 454 93 rez

541 2456 225 82 au
691 2456 200 82 fond
816 2456 150 82 de
890 2456 150 82 la
965 2456 275 82 Galerie
1140 2456 524 82 Victor

810 2522 245 102 (côté
973 2522 429 102 Champs
