1121 2181
509 -10 75 43 —
539 -10 75 43 3
554 -10 45 43 —

108 35 115 59 18233
185 35 77 59 LE
223 35 115 59 MÊME.
300 35 115 59 L.
377 35 77 59 a.
415 35 115 59 s
492 35 77 59 au
531 35 166 59 président
658 35 77 59 de
697 35 141 59 l’Acad.
799 35 90 59 des
850 35 166 59 sciences;
966 35 102 59 Genève

113 88 133 42 1831,
202 88 74 42 2
232 88 89 42 p.
276 88 133 42 in-4,
365 88 178 42 relative
498 88 74 42 à
528 88 178 42 l’examen
661 88 89 42 de
705 88 178 42 diverses
838 88 178 42 méthodes
957 88 118 42 analy-

116 125 83 49 tiques.
177 125 38 49 3
185 125 30 49 50

109 164 126 47 18234
193 164 154 47 CHABROL
305 164 84 47 DE
347 164 140 47 VOLVIC
445 164 98 47 (le
501 164 98 47 cte
557 164 154 47 Gilbert
668 164 84 47 Jh
710 164 154 47 Gaspard
822 164 112 47 de),
892 164 140 47 préfet
990 164 84 47 de
1018 164 56 47 la

112 196 120 51 Seine
192 196 80 51 et
231 196 146 51 député,
338 196 80 51 né
378 196 80 51 en
418 196 173 51 Auvergne.
551 196 120 51 L.
631 196 80 51 a.
671 196 133 51 s.
764 196 80 51 au
804 196 173 51 ministre;
924 196 146 51 Clermont,

111 234 71 50 16
147 234 95 50 nov.
206 234 107 50 1820,
278 234 60 50 2
302 234 71 50 p.
337 234 131 50 in-fol.
432 234 60 50 3
444 234 36 50 »

146 278 126 38 Envoi
230 278 84 38 du
272 278 168 38 discours
398 278 126 38 qu’il
482 278 70 38 a
510 278 168 38 prononcé
635 278 70 38 à
663 278 210 38 l’ouverture
831 278 84 38 du
873 278 154 38 Collège
971 278 98 38 élec-

107 307 135 43 toral
197 307 90 43 du
242 307 224 43 département
421 307 90 43 du
466 307 239 43 Puy-de-Dôme,
660 307 150 43 lequel
765 307 75 43 a
795 307 164 43 produit
915 307 105 43 une
959 307 120 43 grande

119 343 180 47 mpression
258 343 83 47 et
299 343 180 47 contribué
437 343 69 47 à
465 343 194 47 rapprocher
617 343 97 47 les
673 343 180 47 électeurs
811 343 83 47 de
853 343 83 47 la
894 343 138 47 droite
991 343 83 47 et
1019 343 55 47 de

105 375 91 50 la
135 375 137 50 gauche.

120 391 107 68 18235
191 391 130 68 CHAPTAL
286 391 83 68 (J.
333 391 119 68 Ant.),
416 391 130 68 célèbre
511 391 154 68 chimiste,
630 391 154 68 sénateur,
748 391 142 68 ministre
855 391 95 68 etc.
902 391 178 68 Obser

111 446 188 39 vations
258 446 94 39 sur
312 446 81 39 la
352 446 175 39 nécessité
487 446 81 39 et
527 446 94 39 les
581 446 134 39 moyens
675 446 81 39 de
715 446 161 39 cultiver
836 446 81 39 la
876 446 148 39 barille
971 446 107 39 en

117 477 184 48 France
269 477 141 48 manuscrit
377 477 97 48 a.
442 477 97 48 s
507 477 65 48 en
539 477 97 48 tête,
604 477 65 48 an
636 477 76 48 VI,
680 477 54 48 9
701 477 65 48 p.
734 477 97 48 in-4.
799 477 54 48 4
810 477 32 48 »

119 497 118 78 18236
198 497 170 78 CHAUMETTE
329 497 183 78 (Gaspard),
473 497 170 78 procureur
604 497 79 78 de
643 497 79 78 la
682 497 144 78 Commune
787 497 79 78 de
827 497 131 78 Paris,
905 497 92 78 déca-

126 547 78 61 ité
170 547 67 61 en
204 547 100 61 1793.
270 547 100 61 L.
337 547 122 61 s.
425 547 100 61 1793,
492 547 55 61 1
514 547 67 61 p.
547 547 100 61 in-4,
614 547 89 61 tête
669 547 100 61 impr.
736 547 55 61 2
747 547 44 61 35

124 598 91 39 18287
184 598 121 39 CHEVREUL
275 598 80 39 (Mel
325 598 80 39 E.),
375 598 121 39 chimiste
466 598 121 39 célèbre,
556 598 101 39 membre
627 598 60 39 de
657 598 151 39 l’Institut.
778 598 131 39 De
868 598 141 39 l’in

122 630 147 49 fluence
237 630 73 49 que
279 630 94 49 l’eau
342 630 105 49 exerce
415 630 73 49 sur
457 630 136 49 plusieurs
562 630 147 49 substances
677 630 157 49 azotées
792 630 168 49 solides

124 668 97 48 1821,
189 668 140 48 manuscrit
296 668 97 48 a.
361 668 108 48 s.
436 668 65 48 en
469 668 97 48 tête,
533 668 65 48 26
565 668 65 48 p.
598 668 97 48 in-4.
662 668 54 48 3
673 668 43 48 50

116 699 112 52 18288
190 699 75 52 LE
228 699 112 52 MÊME.
302 699 137 52 Note
402 699 87 52 sur
452 699 162 52 plusieurs
577 699 162 52 principes
701 699 150 52 colorant
813 699 125 52 jaune,
901 699 75 52 de
925 699 150 52 nature

123 743 191 41 végétale
286 743 86 41 1830,
343 743 124 41 manuscrit
439 743 86 41 a.
496 743 105 41 s.
572 743 48 41 5
591 743 57 41 p.
620 743 86 41 in-4.
677 743 48 41 2
687 743 38 41 25

127 779 124 43 18239
210 779 165 43 CLERMONT
334 779 138 43 (Louis
430 779 83 43 de
471 779 151 43 Bourbon
581 779 138 43 Condé,
677 779 96 43 cte
732 779 110 43 de),
787 779 289 43 lieutenant

124 801 117 46 nembre
206 801 70 46 de
241 801 128 46 l’Acad.
335 801 82 46 fr.
381 801 105 46 L.
451 801 117 46 s.
533 801 70 46 au
568 801 105 46 comte
638 801 175 46 d’Argenson;
778 801 140 46 Willeck,
884 801 70 46 23
907 801 70 46 juin

112 838 124 52 1744,
195 838 69 52 1
223 838 83 52 p.
264 838 124 52 in-4.
347 838 83 52 Il
388 838 152 52 demande
499 838 97 52 les
554 838 152 52 faveurs
665 838 83 52 du
706 838 97 52 roi
761 838 110 52 pour
830 838 97 52 des
886 838 180 52 officiers
1010 838 69 52 qui

113 871 75 50 se
151 871 100 50 sont
214 871 175 50 distingués
351 871 63 50 à
376 871 163 50 l’attaque
501 871 113 50 d’une
576 871 150 50 redoute.
689 871 63 50 3
701 871 38 50 »

125 911 110 48 18240
198 911 134 48 COBENZL
296 911 134 48 (Louis,
393 911 85 48 cte
442 911 98 48 de),
503 911 134 48 célèbre
601 911 159 48 diplomate
723 911 183 48 autrichien.
869 911 110 48 L.
942 911 122 48 s.
1015 911 37 48 à

117 958 95 38 Mme
172 958 190 38 Bonaparte;
321 958 149 38 Vienne,
430 958 81 38 31
470 958 109 38 oct.
538 958 122 38 1797,
619 958 68 38 3
647 958 81 38 p.
687 958 122 38 in-4.
769 958 68 38 5
782 958 41 38 »

154 979 194 53 Très-jolie
307 979 139 53 lettre
404 979 83 53 où
445 979 83 53 il
487 979 83 53 la
528 979 111 53 prie
598 979 222 53 d’intercéder
778 979 139 53 auprès
875 979 83 53 de
917 979 97 53 son
972 979 111 53 mari
1028 979 55 53 le

115 1022 148 52 général
222 1022 189 52 Bonaparte,
370 1022 108 52 pour
438 1022 121 52 qu’il
518 1022 108 52 aide
586 1022 81 52 le
626 1022 148 52 colonel
734 1022 162 52 Vincent,
855 1022 162 52 officier
963 1022 121 52 distin-

120 1059 98 46 gué
176 1059 84 46 de
218 1059 155 46 l’armée
331 1059 239 46 autrichienne,
528 1059 70 46 à
556 1059 183 46 recouvrer
697 1059 98 46 son
753 1059 113 46 bien
823 1059 84 46 en
851 1059 127 46 France.

136 1084 123 54 18241
218 1084 123 54 COMTE
300 1084 150 54 (Aug.),
409 1084 232 54 mathématicien
600 1084 82 54 et
641 1084 205 54 philosophe,
805 1084 177 54 fondateur
941 1084 82 54 de
982 1084 82 54 la
1009 1084 82 54 doc-

122 1117 108 51 trine
194 1117 192 51 positiviste.
350 1117 108 51 L.
422 1117 72 51 a.
458 1117 120 51 s.
542 1117 72 51 au
578 1117 156 51 président
699 1117 72 51 de
735 1117 132 51 l’Acad.
831 1117 84 51 des
879 1117 156 51 sciences:
987 1117 96 51 Paris,

120 1162 85 43 21
162 1162 157 43 février
276 1162 128 43 1831,
362 1162 71 43 1
390 1162 85 43 p.
433 1162 100 43 pl.
490 1162 128 43 in-4,
575 1162 171 43 relative
704 1162 71 43 à
732 1162 100 43 son
789 1162 128 43 cours
874 1162 85 43 de
903 1162 185 43 philosophie

125 1199 161 47 positive
245 1199 80 47 et
285 1199 67 47 à
312 1199 94 47 son
366 1199 174 47 intention
500 1199 80 47 de
540 1199 80 47 se
580 1199 134 47 porter
674 1199 161 47 candidat
794 1199 107 47 pour
861 1199 80 47 la
901 1199 134 47 chaire
982 1199 107 47 d’ana-

121 1221 97 54 lyse
181 1221 73 54 et
218 1221 73 54 de
254 1221 157 54 mécanique
375 1221 194 54 rationnelle.
532 1221 73 54 10
557 1221 36 54 »

126 1249 115 77 18242
203 1249 77 77 LE
242 1249 115 77 MÊME.
319 1249 115 77 L.
395 1249 77 77 a.
434 1249 128 77 s.
524 1249 77 77 au
562 1249 115 77 même;
639 1249 128 77 Paris,
729 1249 64 77 7
755 1249 103 77 mars
819 1249 115 77 1834,
896 1249 64 77 2
921 1249 77 77 p.
960 1249 90 77 1/2
998 1249 90 77 in

972 1301 149 48 10
1022 1301 74 48 »

150 1328 201 60 Très-belle
307 1328 143 60 lettre
407 1328 115 60 dans
479 1328 172 60 laquelle
608 1328 86 60 il
651 1328 86 60 se
694 1328 143 60 plaint
794 1328 186 60 amèrement
937 1328 86 60 du
966 1328 129 60 silence

124 1381 126 42 gardé
208 1381 140 42 envers
306 1381 98 42 lui
362 1381 98 42 par
418 1381 84 42 la
460 1381 154 42 section
572 1381 84 42 de
615 1381 182 42 géométrie
755 1381 112 42 lors
825 1381 84 42 de
867 1381 84 42 la
895 1381 196 42 présentation

127 1416 122 45 faite
209 1416 95 45 des
263 1416 177 45 candidats
399 1416 68 45 à
426 1416 82 45 la
467 1416 136 45 chaire
562 1416 177 45 d’analyse
698 1416 82 45 et
739 1416 82 45 de
780 1416 177 45 mécanique
902 1416 190 45 rationnelle,

125 1444 219 45 actuellement
304 1444 151 45 vacante
413 1444 69 45 à
441 1444 151 45 l’Ecole
537 1444 219 45 polytechnique.

130 1465 117 58 18243
208 1465 117 58 CONDÉ
286 1465 130 58 (Louis
378 1465 78 58 de
417 1465 156 58 Bourbon,
534 1465 130 58 prince
626 1465 104 58 de),
691 1465 91 58 dit
743 1465 78 58 le
782 1465 170 58 Grand.
912 1465 78 58 L.
952 1465 78 58 a.
991 1465 117 58 s
1056 1465 39 58 à

125 1519 83 49 M.
167 1519 193 49 Létellier,
318 1519 96 49 3/4
373 1519 83 49 de
414 1519 83 49 p.
456 1519 124 49 in-4,
538 1519 110 49 avec
607 1519 83 49 la
648 1519 151 49 réponse
759 1519 110 49 aut.
827 1519 83 49 de
869 1519 165 49 celui-ci
993 1519 83 49 au
1020 1519 69 49 bas

129 1551 54 47 de
156 1551 54 47 la
183 1551 98 47 lettre.
254 1551 54 47 15
272 1551 27 47 »

139 1576 68 61 18244
185 1576 45 61 LE
207 1576 68 61 MÊME.
253 1576 68 61 L.
298 1576 45 61 a.
321 1576 83 61 s.
381 1576 53 61 1/2
412 1576 45 61 p.
434 1576 68 61 in-4.
487 1576 45 61 15
502 1576 76 61 »

139 1615 81 66 18245
193 1615 108 66 CONSTANT
274 1615 135 66 (Benjamin),
382 1615 99 66 célèbre
454 1615 126 66 publiciste
554 1615 54 66 et
581 1615 99 66 député.
653 1615 81 66 L.
707 1615 54 66 a.
734 1615 99 66 s.
797 1615 63 66 Paris

128 1662 68 52 an
162 1662 79 52 VI,
207 1662 56 52 4
229 1662 68 52 p.
263 1662 79 52 1/2
308 1662 101 52 in-4.
376 1662 56 52 2
387 1662 45 52 50

141 1683 111 70 18246
215 1683 149 70 CORMATIN
326 1683 186 70 (Dezoteux),
475 1683 99 70 chef
537 1683 87 70 des
586 1683 149 70 insurgés
698 1683 74 70 de
735 1683 74 70 la
772 1683 99 70 rive
834 1683 124 70 droite
921 1683 74 70 de
945 1683 50 70 la

136 1739 140 49 Loire,
234 1739 196 49 signataire
388 1739 84 49 du
430 1739 140 49 traité
528 1739 84 49 de
570 1739 84 49 la
612 1739 182 49 Mabilais,
753 1739 168 49 écrivain
879 1739 98 49 sur
935 1739 84 49 la
963 1739 126 49 Vendée.

134 1769 103 48 L.
202 1769 69 48 a.
236 1769 114 48 s.
317 1769 57 48 à
339 1769 137 48 Pougens;
442 1769 137 48 Cormatin
545 1769 103 48 1806,
614 1769 57 48 3
637 1769 69 48 p.
671 1769 80 48 pl.
717 1769 114 48 in-12.
797 1769 57 48 5
808 1769 46 48 50

170 1795 154 56 Très-jolie
291 1795 143 56 lettre...
401 1795 121 56 «Hélas!
489 1795 99 56 qu’un
554 1795 99 56 homme
620 1795 77 56 que
664 1795 88 56 l’on
719 1795 132 56 poursuit
818 1795 77 56 est
851 1795 33 56 à

139 1839 165 53 plaindre
263 1839 151 53 surtout
373 1839 178 53 lorsqu’il
510 1839 82 53 ne
551 1839 110 53 peut
620 1839 82 53 ni
661 1839 82 53 ne
702 1839 110 53 doit
771 1839 82 53 se
812 1839 206 53 défendre...
976 1839 110 53 J’ai
1031 1839 69 53 des

136 1872 162 47 ennemis!
258 1872 81 47 je
299 1872 81 47 le
339 1872 122 47 sais;
421 1872 95 47 qui
475 1872 108 47 n’en
542 1872 68 47 a
569 1872 108 47 pas?
637 1872 108 47 Mais
705 1872 81 47 le
745 1872 108 47 feu,
813 1872 203 47 l’agitation
975 1872 95 47 des
1016 1872 81 47 pas-

140 1902 120 49 sions
220 1902 107 49 n’en
287 1902 160 49 imposent
407 1902 94 49 pas
460 1902 67 49 à
487 1902 120 49 l’âme
567 1902 80 49 du
607 1902 107 49 vrai
674 1902 200 49 philosophe,
834 1902 80 49 le
874 1902 107 49 vrai
941 1902 107 49 seul
995 1902 94 49 l’at-

133 1943 128 51 teint,
223 1943 115 51 c’est
300 1943 77 51 le
338 1943 102 51 vrai
402 1943 102 51 seul
466 1943 90 51 qui
517 1943 77 51 le
543 1943 166 51 captive...»

141 1973 121 55 18247
221 1973 201 55 COURVOISIER
382 1973 94 55 (J.
435 1973 80 55 Jh
475 1973 134 55 Ant.),
569 1973 174 55 ministre,
703 1973 188 55 signataire
851 1973 94 55 des
904 1973 201 55 ordonnances
1051 1973 54 55 de

140 2010 123 52 1830,
223 2010 82 52 né
264 2010 69 52 à
291 2010 178 52 Besançon.
428 2010 123 52 L.
510 2010 82 52 a.
552 2010 137 52 s.
648 2010 82 52 au
689 2010 178 52 ministre;
826 2010 274 52 Baume-les-Dames,
1045 2010 55 52 29

138 2052 107 49 sept.
209 2052 107 49 1820,
281 2052 59 49 4
305 2052 71 49 p.
340 2052 83 49 pl.
388 2052 107 49 in-4.
459 2052 107 49 Belle
530 2052 131 49 lettre.
625 2052 59 49 4
637 2052 36 49 »

170 2081 255 46 Renseignements
382 2081 241 46 confidentiels
581 2081 99 46 sur
637 2081 99 46 les
694 2081 184 46 candidats
836 2081 85 46 de
878 2081 113 46 tous
949 2081 99 46 les
992 2081 113 46 partis

117 2116 102 51 qui
176 2116 87 51 se
219 2116 203 51 présentent
379 2116 102 51 aux
437 2116 189 51 élections
582 2116 116 51 dans
654 2116 87 51 le
698 2116 218 51 département
872 2116 87 51 du
901 2116 116 51 Doubs.
