1623 2694
692 160 274 90 AVIS.

316 393 164 103 Le
398 393 247 103 Musée
562 393 164 103 du
644 393 384 103 Luxembourg
946 393 247 103 étoit
1083 393 356 103 originaire-

260 487 214 69 ment
394 487 294 69 composé
608 487 187 69 des
715 487 321 69 tableaux
956 487 161 69 de
1036 487 294 69 Rubens,
1224 487 214 69 repré-

263 552 240 67 sentant
438 552 284 67 plusieurs
656 552 218 67 sujets
809 552 131 67 de
875 552 306 67 l’histoire
1115 552 131 67 de
1181 552 197 67 Henri
1312 552 131 67 IV
1356 552 87 67 et

261 616 144 74 de
333 616 217 74 Marie
478 616 144 74 de
550 616 289 74 Médicis.
766 616 168 74 Ils
863 616 168 74 ont
959 616 168 74 été
1055 616 241 74 réunis
1223 616 144 74 au
1272 616 168 74 Musée

258 691 246 66 Royal.
431 691 148 66 Sa
504 691 271 66 Majesté
701 691 123 66 a
750 691 221 66 voulu
898 691 172 66 les
996 691 320 66 remplacer
1242 691 172 66 par
1316 691 123 66 les

259 759 272 81 ouvrages
464 759 159 81 des
554 759 272 81 artistes
759 759 295 81 françois.
986 759 136 81 On
1054 759 204 81 devra
1190 759 114 81 à
1236 759 159 81 son
1304 759 136 81 goût

260 834 254 56 éclairé
445 834 185 56 pour
560 834 162 56 les
653 834 208 56 beaux
791 834 185 56 arts
907 834 139 56 un
976 834 393 56 établissement
1276 834 162 56 aussi

256 885 369 90 intéressant
551 885 197 90 pour
674 885 147 90 le
748 885 246 90 public
920 885 221 90 qu’il
1067 885 172 90 est
1141 885 295 90 avantageux

258 956 183 96 pour
372 956 137 96 la
441 956 228 96 gloire
601 956 137 96 de
669 956 251 96 l’Ecole
829 956 274 96 françoise.

312 1193 157 66 Les
401 1193 201 66 jours
535 1193 268 66 d’entrée
737 1193 179 66 pour
848 1193 134 66 le
916 1193 224 66 public
1072 1193 179 66 sont
1184 1193 157 66 les
1251 1193 179 66 samedi

257 1259 147 71 et
331 1259 343 71 dimanches;
601 1259 172 71 les
699 1259 245 71 autres
871 1259 245 71 jours,
1042 1259 270 71 excepté
1239 1259 147 71 le
1288 1259 147 71 VEn-

258 1327 230 74 DREDI,
419 1327 184 74 sont
534 1327 184 74 pour
649 1327 253 74 l’étude
833 1327 161 74 des
926 1327 299 74 artistes,
1156 1327 138 74 et
1225 1327 184 74 pour
1317 1327 115 74 les

257 1402 311 99 voyageurs,
501 1402 155 99 sur
590 1402 133 99 la
656 1402 355 99 présentation
945 1402 133 99 de
1011 1402 200 99 leurs
1122 1402 311 99 passe

308 1613 157 85 M.
386 1613 288 85 NAIGEON
595 1613 288 85 l’ainé,
805 1613 288 85 Peintre
1014 1613 157 85 et
1066 1613 366 85 Conservateur

254 1690 191 72 des
363 1690 328 72 tableaux
609 1690 164 72 du
691 1690 246 72 Musée
855 1690 246 72 Royal
1018 1690 164 72 du
1073 1690 355 72 Luxembourg,

256 1750 275 77 demeure
456 1750 175 77 rue
556 1750 150 77 de
631 1750 350 77 Vaugirard,
905 1750 150 77 no
955 1750 100 77 7;

307 1841 168 67 M.
391 1841 309 67 DUPATY,
616 1841 365 67 Statuaire
896 1841 337 67 adjoint,
1148 1841 281 67 Membre
1317 1841 112 67 de

259 1908 328 95 l’Institut,
521 1908 153 95 rue
609 1908 131 95 de
674 1908 262 95 Gaillon,
871 1908 131 95 n°
915 1908 109 95 15.
