1617 2685
746 172 191 95 (
784 172 153 95 6)

428 272 247 87 BERTIN
601 272 445 87 (Jean-Victor),
972 272 148 87 né
1046 272 124 87 à
1071 272 198 87 Paris.

259 381 168 98 3.
343 381 197 98 Vue
455 381 168 98 de
540 381 168 98 la
624 381 253 98 ville
792 381 168 98 de
877 381 281 98 Phénos
1073 381 168 98 et
1157 381 168 98 du
1213 381 225 98 Temple

316 464 189 94 de
411 464 347 94 Minerve
632 464 316 94 Caphyes.

417 568 139 96 Un
486 568 256 96 paysage
672 568 279 96 traversé
881 568 163 96 par
974 568 163 96 une
1067 568 279 96 rivière.
1276 568 139 96 Il
1323 568 116 96 est

367 653 274 64 enrichi
567 653 150 64 de
642 653 250 64 masses
816 653 299 64 d’arbres
1041 653 150 64 et
1116 653 150 64 de
1166 653 274 64 montagnes

368 711 174 81 qui
468 711 273 81 bordent
666 711 348 81 l’horizon.
940 711 199 81 Dans
1064 711 149 81 le
1139 711 298 81 lointain
1338 711 99 81 on

369 795 279 72 aperçoit
578 795 140 72 le
648 795 233 72 temple
811 795 140 72 de
881 795 279 72 Minerve.
1091 795 140 72 Le
1161 795 210 72 sujet
1300 795 163 72 qui
1370 795 70 72 y

368 867 156 56 est
457 867 312 56 représenté
702 867 156 56 est
792 867 268 56 Aristide
993 867 268 56 recevant
1193 867 156 56 les
1260 867 179 56 témoi-

368 929 219 69 gnages
521 929 131 69 de
587 929 393 69 reconnoissance
914 929 153 69 des
1002 929 328 69 différentes
1242 929 197 69 villes,

365 995 210 59 après
505 995 210 59 avoir
645 995 233 59 imposé
808 995 163 59 les
901 995 210 59 Grecs
1041 995 187 59 avec
1158 995 163 59 une
1228 995 210 59 égalité

368 1071 178 64 dont
479 1071 156 64 ils
568 1071 223 64 furent
724 1071 134 64 si
791 1071 290 64 contents,
1014 1071 156 64 que
1104 1071 268 64 par-tout
1304 1071 134 64 où
1349 1071 89 64 il

364 1148 257 65 passoit
550 1148 163 65 ils
644 1148 374 65 l’envoyoient
948 1148 327 65 remercier.
1204 1148 140 65 Le
1251 1148 187 65 moment

363 1212 167 78 est
458 1212 214 78 celui
601 1212 143 78 où
673 1212 167 78 une
768 1212 333 78 députation
1030 1212 262 78 apporte
1221 1212 167 78 une
1292 1212 143 78 cou-

362 1268 205 75 ronne
499 1268 114 75 à
545 1268 297 75 Aristide,
773 1268 160 75 que
864 1268 183 75 l’on
978 1268 183 75 voit
1093 1268 160 75 sur
1184 1268 137 75 la
1230 1268 205 75 droite,

359 1347 367 58 accompagné
647 1347 210 58 d’un
778 1347 236 58 jeune
936 1347 262 58 homme.
1119 1347 236 58 Cette
1250 1347 184 58 scène

361 1411 143 67 se
433 1411 215 67 passe
576 1411 286 67 quelques
790 1411 238 67 heures
957 1411 215 67 avant
1100 1411 143 67 le
1172 1411 262 67 coucher
1339 1411 95 67 du

343 1478 188 74 soleil.

248 1600 169 91 4.
332 1600 198 91 Vue
445 1600 169 91 de
530 1600 169 91 la
615 1600 254 91 ville
784 1600 395 91 d’Olevano,
1094 1600 226 91 dans
1235 1600 169 91 la
1292 1600 141 91 Sa

285 1677 207 72 bine.

415 1788 139 71 On
484 1788 277 71 remarque
692 1788 162 71 sur
785 1788 139 71 le
854 1788 231 71 devant
1016 1788 162 71 des
1108 1788 231 71 jeunes
1247 1788 185 71 filles

360 1852 163 68 qui
453 1852 256 68 puisent
639 1852 140 68 de
709 1852 233 68 l’eau,
872 1852 140 68 et
942 1852 186 68 dans
1058 1852 140 68 le
1128 1852 279 68 lointain
1315 1852 116 68 des

331 1927 292 85 aqueducs.

252 2011 169 107 5.
336 2011 197 107 Vue
449 2011 253 107 prise
617 2011 140 107 à
673 2011 253 107 Népi,
842 2011 197 107 sur
954 2011 169 107 la
1039 2011 253 107 route
1207 2011 169 107 de
1263 2011 169 107 Rome

314 2099 143 82 à
343 2099 315 82 Florence.

412 2190 152 83 On
488 2190 203 83 voit
615 2190 178 83 sur
717 2190 152 83 la
793 2190 254 83 gauche
971 2190 178 83 des
1072 2190 254 83 femmes
1250 2190 152 83 et
1301 2190 127 83 des
