<alto xmlns:xsi="http://www.w3.org/2001/XMLSchema-instance" xmlns="http://www.loc.gov/standards/alto/ns-v2#" xmlns:page="http://schema.primaresearch.org/PAGE/gts/pagecontent/2013-07-15" xsi:schemaLocation="http://www.loc.gov/standards/alto/ns-v2# http://www.loc.gov/standards/alto/alto.xsd">
  <Description>
    <MeasurementUnit>mm10</MeasurementUnit>
    <sourceImageInformation>
         <fileName>19.jpg</fileName>
      </sourceImageInformation>
    <OCRProcessing ID="IdOcr">
      <ocrProcessingStep>
        <processingDateTime>2020-10-31T11:12:40.478+01:00</processingDateTime>
        <processingSoftware>
               <softwareCreator>CONTRIBUTORS</softwareCreator>
               <softwareName>pdfalto</softwareName>
               <softwareVersion>0.1</softwareVersion>
            </processingSoftware>
      </ocrProcessingStep>
    </OCRProcessing>
  </Description>
  <Styles>
   <TextStyle ID="FONT0" FONTFAMILY="unknown" FONTSIZE="unknown" FONTSTYLE=""/>
   <TextStyle ID="FONT1" FONTFAMILY="unknown" FONTSIZE="unknown" FONTSTYLE="bold"/>
   <TextStyle ID="FONT2" FONTFAMILY="unknown" FONTSIZE="unknown" FONTSTYLE="italics"/>
  </Styles>
  <Tags/>
  <Layout>
    <Page ID="Page1" PHYSICAL_IMG_NR="1" HEIGHT="2700" WIDTH="1569">
      <PrintSpace HEIGHT="2533" WIDTH="1511" VPOS="39" HPOS="49">
        <TextBlock ID="r_1_1" HEIGHT="68" WIDTH="138" VPOS="202" HPOS="712">
          <TextLine ID="tl_1" BASELINE="285" HEIGHT="91" WIDTH="151" VPOS="194" HPOS="706">
            <String HEIGHT="91" WIDTH="189" VPOS="194" HPOS="668" CONTENT="(" ID="tl_1_1" STYLEREFS="FONT0"/>
            <SP HEIGHT="91" WIDTH="38" VPOS="194" HPOS="857"/>
            <String HEIGHT="91" WIDTH="151" VPOS="194" HPOS="706" CONTENT="9)" ID="tl_1_2" STYLEREFS="FONT0"/>
          </TextLine>
        </TextBlock>
        <TextBlock ID="r_1_2" HEIGHT="1085" WIDTH="1028" VPOS="293" HPOS="325">
          <TextLine ID="tl_2" BASELINE="357" HEIGHT="79" WIDTH="1037" VPOS="278" HPOS="321">
            <String HEIGHT="79" WIDTH="253" VPOS="278" HPOS="298" CONTENT="hortoit" ID="tl_2_1" STYLEREFS="FONT0"/>
            <SP HEIGHT="79" WIDTH="23" VPOS="278" HPOS="551"/>
            <String HEIGHT="79" WIDTH="115" VPOS="278" HPOS="482" CONTENT="à" ID="tl_2_2" STYLEREFS="FONT0"/>
            <SP HEIGHT="79" WIDTH="23" VPOS="278" HPOS="598"/>
            <String HEIGHT="79" WIDTH="253" VPOS="278" HPOS="528" CONTENT="prendre" ID="tl_2_3" STYLEREFS="FONT0"/>
            <SP HEIGHT="79" WIDTH="23" VPOS="278" HPOS="782"/>
            <String HEIGHT="79" WIDTH="277" VPOS="278" HPOS="713" CONTENT="courage;" ID="tl_2_4" STYLEREFS="FONT0"/>
            <SP HEIGHT="79" WIDTH="23" VPOS="278" HPOS="989"/>
            <String HEIGHT="79" WIDTH="184" VPOS="278" HPOS="920" CONTENT="mais" ID="tl_2_5" STYLEREFS="FONT0"/>
            <SP HEIGHT="79" WIDTH="23" VPOS="278" HPOS="1105"/>
            <String HEIGHT="79" WIDTH="230" VPOS="278" HPOS="1035" CONTENT="enfin," ID="tl_2_6" STYLEREFS="FONT0"/>
            <SP HEIGHT="79" WIDTH="23" VPOS="278" HPOS="1266"/>
            <String HEIGHT="79" WIDTH="184" VPOS="278" HPOS="1174" CONTENT="voyant" ID="tl_2_7" STYLEREFS="FONT0"/>
          </TextLine>
          <TextLine ID="tl_3" BASELINE="425" HEIGHT="69" WIDTH="1033" VPOS="356" HPOS="323">
            <String HEIGHT="69" WIDTH="258" VPOS="356" HPOS="300" CONTENT="qu’elle" ID="tl_3_1" STYLEREFS="FONT0"/>
            <SP HEIGHT="69" WIDTH="23" VPOS="356" HPOS="558"/>
            <String HEIGHT="69" WIDTH="141" VPOS="356" HPOS="487" CONTENT="ne" ID="tl_3_2" STYLEREFS="FONT0"/>
            <SP HEIGHT="69" WIDTH="23" VPOS="356" HPOS="628"/>
            <String HEIGHT="69" WIDTH="258" VPOS="356" HPOS="558" CONTENT="pouvoit" ID="tl_3_3" STYLEREFS="FONT0"/>
            <SP HEIGHT="69" WIDTH="23" VPOS="356" HPOS="816"/>
            <String HEIGHT="69" WIDTH="282" VPOS="356" HPOS="746" CONTENT="avancer," ID="tl_3_4" STYLEREFS="FONT0"/>
            <SP HEIGHT="69" WIDTH="23" VPOS="356" HPOS="1027"/>
            <String HEIGHT="69" WIDTH="141" VPOS="356" HPOS="957" CONTENT="et" ID="tl_3_5" STYLEREFS="FONT0"/>
            <SP HEIGHT="69" WIDTH="23" VPOS="356" HPOS="1098"/>
            <String HEIGHT="69" WIDTH="235" VPOS="356" HPOS="1027" CONTENT="vaincu" ID="tl_3_6" STYLEREFS="FONT0"/>
            <SP HEIGHT="69" WIDTH="23" VPOS="356" HPOS="1262"/>
            <String HEIGHT="69" WIDTH="164" VPOS="356" HPOS="1192" CONTENT="par" ID="tl_3_7" STYLEREFS="FONT0"/>
            <SP HEIGHT="69" WIDTH="23" VPOS="356" HPOS="1356"/>
            <String HEIGHT="69" WIDTH="94" VPOS="356" HPOS="1262" CONTENT="la" ID="tl_3_8" STYLEREFS="FONT0"/>
          </TextLine>
          <TextLine ID="tl_4" BASELINE="501" HEIGHT="66" WIDTH="1038" VPOS="435" HPOS="320">
            <String HEIGHT="66" WIDTH="243" VPOS="435" HPOS="298" CONTENT="crainte" ID="tl_4_1" STYLEREFS="FONT0"/>
            <SP HEIGHT="66" WIDTH="22" VPOS="435" HPOS="541"/>
            <String HEIGHT="66" WIDTH="243" VPOS="435" HPOS="475" CONTENT="qu’elle" ID="tl_4_2" STYLEREFS="FONT0"/>
            <SP HEIGHT="66" WIDTH="22" VPOS="435" HPOS="718"/>
            <String HEIGHT="66" WIDTH="133" VPOS="435" HPOS="651" CONTENT="ne" ID="tl_4_3" STYLEREFS="FONT0"/>
            <SP HEIGHT="66" WIDTH="22" VPOS="435" HPOS="784"/>
            <String HEIGHT="66" WIDTH="221" VPOS="435" HPOS="718" CONTENT="devint" ID="tl_4_4" STYLEREFS="FONT0"/>
            <SP HEIGHT="66" WIDTH="22" VPOS="435" HPOS="938"/>
            <String HEIGHT="66" WIDTH="133" VPOS="435" HPOS="872" CONTENT="la" ID="tl_4_5" STYLEREFS="FONT0"/>
            <SP HEIGHT="66" WIDTH="22" VPOS="435" HPOS="1005"/>
            <String HEIGHT="66" WIDTH="199" VPOS="435" HPOS="938" CONTENT="proie" ID="tl_4_6" STYLEREFS="FONT0"/>
            <SP HEIGHT="66" WIDTH="22" VPOS="435" HPOS="1137"/>
            <String HEIGHT="66" WIDTH="133" VPOS="435" HPOS="1071" CONTENT="de" ID="tl_4_7" STYLEREFS="FONT0"/>
            <SP HEIGHT="66" WIDTH="22" VPOS="435" HPOS="1203"/>
            <String HEIGHT="66" WIDTH="155" VPOS="435" HPOS="1137" CONTENT="ses" ID="tl_4_8" STYLEREFS="FONT0"/>
            <SP HEIGHT="66" WIDTH="22" VPOS="435" HPOS="1292"/>
            <String HEIGHT="66" WIDTH="155" VPOS="435" HPOS="1203" CONTENT="enne" SUBS_TYPE="HypPart1" SUBS_CONTENT="ennemis," ID="tl_4_9" STYLEREFS="FONT0"/>
            <HYP CONTENT="-"/>
          </TextLine>
          <TextLine ID="tl_5" BASELINE="562" HEIGHT="58" WIDTH="1035" VPOS="504" HPOS="323">
            <String HEIGHT="58" WIDTH="184" VPOS="504" HPOS="300" CONTENT="mis," SUBS_TYPE="HypPart2" SUBS_CONTENT="ennemis," ID="tl_5_1" STYLEREFS="FONT0"/>
            <SP HEIGHT="58" WIDTH="23" VPOS="504" HPOS="484"/>
            <String HEIGHT="58" WIDTH="138" VPOS="504" HPOS="415" CONTENT="il" ID="tl_5_2" STYLEREFS="FONT0"/>
            <SP HEIGHT="58" WIDTH="23" VPOS="504" HPOS="553"/>
            <String HEIGHT="58" WIDTH="138" VPOS="504" HPOS="484" CONTENT="la" ID="tl_5_3" STYLEREFS="FONT0"/>
            <SP HEIGHT="58" WIDTH="23" VPOS="504" HPOS="622"/>
            <String HEIGHT="58" WIDTH="207" VPOS="504" HPOS="553" CONTENT="perça" ID="tl_5_4" STYLEREFS="FONT0"/>
            <SP HEIGHT="58" WIDTH="23" VPOS="504" HPOS="760"/>
            <String HEIGHT="58" WIDTH="184" VPOS="504" HPOS="691" CONTENT="d’un" ID="tl_5_5" STYLEREFS="FONT0"/>
            <SP HEIGHT="58" WIDTH="23" VPOS="504" HPOS="875"/>
            <String HEIGHT="58" WIDTH="184" VPOS="504" HPOS="806" CONTENT="coup" ID="tl_5_6" STYLEREFS="FONT0"/>
            <SP HEIGHT="58" WIDTH="23" VPOS="504" HPOS="990"/>
            <String HEIGHT="58" WIDTH="253" VPOS="504" HPOS="921" CONTENT="d’épée," ID="tl_5_7" STYLEREFS="FONT0"/>
            <SP HEIGHT="58" WIDTH="23" VPOS="504" HPOS="1174"/>
            <String HEIGHT="58" WIDTH="138" VPOS="504" HPOS="1105" CONTENT="et" ID="tl_5_8" STYLEREFS="FONT0"/>
            <SP HEIGHT="58" WIDTH="23" VPOS="504" HPOS="1243"/>
            <String HEIGHT="58" WIDTH="138" VPOS="504" HPOS="1174" CONTENT="la" ID="tl_5_9" STYLEREFS="FONT0"/>
            <SP HEIGHT="58" WIDTH="23" VPOS="504" HPOS="1312"/>
            <String HEIGHT="58" WIDTH="138" VPOS="504" HPOS="1220" CONTENT="jeta" ID="tl_5_10" STYLEREFS="FONT0"/>
          </TextLine>
          <TextLine ID="tl_6" BASELINE="619" HEIGHT="61" WIDTH="1036" VPOS="558" HPOS="322">
            <String HEIGHT="61" WIDTH="188" VPOS="558" HPOS="298" CONTENT="dans" ID="tl_6_1" STYLEREFS="FONT0"/>
            <SP HEIGHT="61" WIDTH="24" VPOS="558" HPOS="487"/>
            <String HEIGHT="61" WIDTH="141" VPOS="558" HPOS="416" CONTENT="le" ID="tl_6_2" STYLEREFS="FONT0"/>
            <SP HEIGHT="61" WIDTH="24" VPOS="558" HPOS="557"/>
            <String HEIGHT="61" WIDTH="259" VPOS="558" HPOS="487" CONTENT="fleuve," ID="tl_6_3" STYLEREFS="FONT0"/>
            <SP HEIGHT="61" WIDTH="24" VPOS="558" HPOS="746"/>
            <String HEIGHT="61" WIDTH="188" VPOS="558" HPOS="675" CONTENT="pour" ID="tl_6_4" STYLEREFS="FONT0"/>
            <SP HEIGHT="61" WIDTH="24" VPOS="558" HPOS="864"/>
            <String HEIGHT="61" WIDTH="165" VPOS="558" HPOS="793" CONTENT="que" ID="tl_6_5" STYLEREFS="FONT0"/>
            <SP HEIGHT="61" WIDTH="24" VPOS="558" HPOS="958"/>
            <String HEIGHT="61" WIDTH="165" VPOS="558" HPOS="887" CONTENT="son" ID="tl_6_6" STYLEREFS="FONT0"/>
            <SP HEIGHT="61" WIDTH="24" VPOS="558" HPOS="1052"/>
            <String HEIGHT="61" WIDTH="212" VPOS="558" HPOS="981" CONTENT="corps" ID="tl_6_7" STYLEREFS="FONT0"/>
            <SP HEIGHT="61" WIDTH="24" VPOS="558" HPOS="1193"/>
            <String HEIGHT="61" WIDTH="141" VPOS="558" HPOS="1123" CONTENT="ne" ID="tl_6_8" STYLEREFS="FONT0"/>
            <SP HEIGHT="61" WIDTH="24" VPOS="558" HPOS="1264"/>
            <String HEIGHT="61" WIDTH="188" VPOS="558" HPOS="1170" CONTENT="tombât" ID="tl_6_9" STYLEREFS="FONT0"/>
          </TextLine>
          <TextLine ID="tl_7" BASELINE="704" HEIGHT="72" WIDTH="1038" VPOS="632" HPOS="321">
            <String HEIGHT="72" WIDTH="161" VPOS="632" HPOS="298" CONTENT="pas" ID="tl_7_1" STYLEREFS="FONT0"/>
            <SP HEIGHT="72" WIDTH="23" VPOS="632" HPOS="459"/>
            <String HEIGHT="72" WIDTH="138" VPOS="632" HPOS="390" CONTENT="au" ID="tl_7_2" STYLEREFS="FONT0"/>
            <SP HEIGHT="72" WIDTH="23" VPOS="632" HPOS="529"/>
            <String HEIGHT="72" WIDTH="254" VPOS="632" HPOS="459" CONTENT="pouvoir" ID="tl_7_3" STYLEREFS="FONT0"/>
            <SP HEIGHT="72" WIDTH="23" VPOS="632" HPOS="713"/>
            <String HEIGHT="72" WIDTH="138" VPOS="632" HPOS="644" CONTENT="de" ID="tl_7_4" STYLEREFS="FONT0"/>
            <SP HEIGHT="72" WIDTH="23" VPOS="632" HPOS="782"/>
            <String HEIGHT="72" WIDTH="161" VPOS="632" HPOS="713" CONTENT="ses" ID="tl_7_5" STYLEREFS="FONT0"/>
            <SP HEIGHT="72" WIDTH="23" VPOS="632" HPOS="875"/>
            <String HEIGHT="72" WIDTH="392" VPOS="632" HPOS="805" CONTENT="persécuteurs." ID="tl_7_6" STYLEREFS="FONT0"/>
            <SP HEIGHT="72" WIDTH="23" VPOS="632" HPOS="1198"/>
            <String HEIGHT="72" WIDTH="254" VPOS="632" HPOS="1105" CONTENT="Cependant" ID="tl_7_7" STYLEREFS="FONT0"/>
          </TextLine>
          <TextLine ID="tl_8" BASELINE="767" HEIGHT="73" WIDTH="1036" VPOS="694" HPOS="320">
            <String HEIGHT="73" WIDTH="169" VPOS="694" HPOS="296" CONTENT="les" ID="tl_8_1" STYLEREFS="FONT0"/>
            <SP HEIGHT="73" WIDTH="24" VPOS="694" HPOS="465"/>
            <String HEIGHT="73" WIDTH="193" VPOS="694" HPOS="392" CONTENT="eaux" ID="tl_8_2" STYLEREFS="FONT0"/>
            <SP HEIGHT="73" WIDTH="24" VPOS="694" HPOS="585"/>
            <String HEIGHT="73" WIDTH="337" VPOS="694" HPOS="513" CONTENT="baissèrent" ID="tl_8_3" STYLEREFS="FONT0"/>
            <SP HEIGHT="73" WIDTH="24" VPOS="694" HPOS="850"/>
            <String HEIGHT="73" WIDTH="145" VPOS="694" HPOS="778" CONTENT="et" ID="tl_8_4" STYLEREFS="FONT0"/>
            <SP HEIGHT="73" WIDTH="24" VPOS="694" HPOS="922"/>
            <String HEIGHT="73" WIDTH="145" VPOS="694" HPOS="850" CONTENT="la" ID="tl_8_5" STYLEREFS="FONT0"/>
            <SP HEIGHT="73" WIDTH="24" VPOS="694" HPOS="995"/>
            <String HEIGHT="73" WIDTH="337" VPOS="694" HPOS="922" CONTENT="déposèrent" ID="tl_8_6" STYLEREFS="FONT0"/>
            <SP HEIGHT="73" WIDTH="24" VPOS="694" HPOS="1260"/>
            <String HEIGHT="73" WIDTH="169" VPOS="694" HPOS="1187" CONTENT="sur" ID="tl_8_7" STYLEREFS="FONT0"/>
            <SP HEIGHT="73" WIDTH="24" VPOS="694" HPOS="1356"/>
            <String HEIGHT="73" WIDTH="96" VPOS="694" HPOS="1260" CONTENT="le" ID="tl_8_8" STYLEREFS="FONT0"/>
          </TextLine>
          <TextLine ID="tl_9" BASELINE="845" HEIGHT="82" WIDTH="1035" VPOS="763" HPOS="321">
            <String HEIGHT="82" WIDTH="220" VPOS="763" HPOS="299" CONTENT="sable," ID="tl_9_1" STYLEREFS="FONT0"/>
            <SP HEIGHT="82" WIDTH="22" VPOS="763" HPOS="519"/>
            <String HEIGHT="82" WIDTH="132" VPOS="763" HPOS="453" CONTENT="où" ID="tl_9_2" STYLEREFS="FONT0"/>
            <SP HEIGHT="82" WIDTH="22" VPOS="763" HPOS="585"/>
            <String HEIGHT="82" WIDTH="176" VPOS="763" HPOS="519" CONTENT="elle" ID="tl_9_3" STYLEREFS="FONT0"/>
            <SP HEIGHT="82" WIDTH="22" VPOS="763" HPOS="695"/>
            <String HEIGHT="82" WIDTH="154" VPOS="763" HPOS="629" CONTENT="fut" ID="tl_9_4" STYLEREFS="FONT0"/>
            <SP HEIGHT="82" WIDTH="22" VPOS="763" HPOS="783"/>
            <String HEIGHT="82" WIDTH="242" VPOS="763" HPOS="717" CONTENT="trouvée" ID="tl_9_5" STYLEREFS="FONT0"/>
            <SP HEIGHT="82" WIDTH="22" VPOS="763" HPOS="960"/>
            <String HEIGHT="82" WIDTH="154" VPOS="763" HPOS="894" CONTENT="par" ID="tl_9_6" STYLEREFS="FONT0"/>
            <SP HEIGHT="82" WIDTH="22" VPOS="763" HPOS="1048"/>
            <String HEIGHT="82" WIDTH="154" VPOS="763" HPOS="982" CONTENT="des" ID="tl_9_7" STYLEREFS="FONT0"/>
            <SP HEIGHT="82" WIDTH="22" VPOS="763" HPOS="1136"/>
            <String HEIGHT="82" WIDTH="264" VPOS="763" HPOS="1070" CONTENT="pasteurs" ID="tl_9_8" STYLEREFS="FONT0"/>
            <SP HEIGHT="82" WIDTH="22" VPOS="763" HPOS="1334"/>
            <String HEIGHT="82" WIDTH="110" VPOS="763" HPOS="1246" CONTENT="ils" ID="tl_9_9" STYLEREFS="FONT0"/>
          </TextLine>
          <TextLine ID="tl_10" BASELINE="917" HEIGHT="80" WIDTH="1032" VPOS="837" HPOS="321">
            <String HEIGHT="80" WIDTH="138" VPOS="837" HPOS="298" CONTENT="la" ID="tl_10_1" STYLEREFS="FONT0"/>
            <SP HEIGHT="80" WIDTH="23" VPOS="837" HPOS="436"/>
            <String HEIGHT="80" WIDTH="344" VPOS="837" HPOS="367" CONTENT="rappelèrent" ID="tl_10_2" STYLEREFS="FONT0"/>
            <SP HEIGHT="80" WIDTH="23" VPOS="837" HPOS="711"/>
            <String HEIGHT="80" WIDTH="115" VPOS="837" HPOS="642" CONTENT="à" ID="tl_10_3" STYLEREFS="FONT0"/>
            <SP HEIGHT="80" WIDTH="23" VPOS="837" HPOS="757"/>
            <String HEIGHT="80" WIDTH="138" VPOS="837" HPOS="688" CONTENT="la" ID="tl_10_4" STYLEREFS="FONT0"/>
            <SP HEIGHT="80" WIDTH="23" VPOS="837" HPOS="826"/>
            <String HEIGHT="80" WIDTH="183" VPOS="837" HPOS="757" CONTENT="vie," ID="tl_10_5" STYLEREFS="FONT0"/>
            <SP HEIGHT="80" WIDTH="23" VPOS="837" HPOS="940"/>
            <String HEIGHT="80" WIDTH="138" VPOS="837" HPOS="871" CONTENT="et" ID="tl_10_6" STYLEREFS="FONT0"/>
            <SP HEIGHT="80" WIDTH="23" VPOS="837" HPOS="1009"/>
            <String HEIGHT="80" WIDTH="138" VPOS="837" HPOS="940" CONTENT="la" ID="tl_10_7" STYLEREFS="FONT0"/>
            <SP HEIGHT="80" WIDTH="23" VPOS="837" HPOS="1078"/>
            <String HEIGHT="80" WIDTH="298" VPOS="837" HPOS="1009" CONTENT="portèrent" ID="tl_10_8" STYLEREFS="FONT0"/>
            <SP HEIGHT="80" WIDTH="23" VPOS="837" HPOS="1307"/>
            <String HEIGHT="80" WIDTH="115" VPOS="837" HPOS="1238" CONTENT="à" ID="tl_10_9" STYLEREFS="FONT0"/>
            <SP HEIGHT="80" WIDTH="23" VPOS="837" HPOS="1353"/>
            <String HEIGHT="80" WIDTH="92" VPOS="837" HPOS="1261" CONTENT="la" ID="tl_10_10" STYLEREFS="FONT0"/>
          </TextLine>
          <TextLine ID="tl_11" BASELINE="981" HEIGHT="77" WIDTH="1038" VPOS="904" HPOS="319">
            <String HEIGHT="77" WIDTH="203" VPOS="904" HPOS="296" CONTENT="ville" ID="tl_11_1" STYLEREFS="FONT0"/>
            <SP HEIGHT="77" WIDTH="23" VPOS="904" HPOS="500"/>
            <String HEIGHT="77" WIDTH="293" VPOS="904" HPOS="432" CONTENT="d’Artaxe," ID="tl_11_2" STYLEREFS="FONT0"/>
            <SP HEIGHT="77" WIDTH="23" VPOS="904" HPOS="725"/>
            <String HEIGHT="77" WIDTH="181" VPOS="904" HPOS="657" CONTENT="d’où" ID="tl_11_3" STYLEREFS="FONT0"/>
            <SP HEIGHT="77" WIDTH="23" VPOS="904" HPOS="838"/>
            <String HEIGHT="77" WIDTH="181" VPOS="904" HPOS="770" CONTENT="elle" ID="tl_11_4" STYLEREFS="FONT0"/>
            <SP HEIGHT="77" WIDTH="23" VPOS="904" HPOS="951"/>
            <String HEIGHT="77" WIDTH="158" VPOS="904" HPOS="883" CONTENT="fut" ID="tl_11_5" STYLEREFS="FONT0"/>
            <SP HEIGHT="77" WIDTH="23" VPOS="904" HPOS="1041"/>
            <String HEIGHT="77" WIDTH="271" VPOS="904" HPOS="973" CONTENT="conduite" ID="tl_11_6" STYLEREFS="FONT0"/>
            <SP HEIGHT="77" WIDTH="23" VPOS="904" HPOS="1244"/>
            <String HEIGHT="77" WIDTH="113" VPOS="904" HPOS="1176" CONTENT="a" ID="tl_11_7" STYLEREFS="FONT0"/>
            <SP HEIGHT="77" WIDTH="23" VPOS="904" HPOS="1289"/>
            <String HEIGHT="77" WIDTH="158" VPOS="904" HPOS="1199" CONTENT="Tiri" SUBS_TYPE="HypPart1" SUBS_CONTENT="Tiridate," ID="tl_11_8" STYLEREFS="FONT0"/>
            <HYP CONTENT="-"/>
          </TextLine>
          <TextLine ID="tl_12" BASELINE="1031" HEIGHT="56" WIDTH="1036" VPOS="975" HPOS="319">
            <String HEIGHT="56" WIDTH="203" VPOS="975" HPOS="296" CONTENT="date," SUBS_TYPE="HypPart2" SUBS_CONTENT="Tiridate," ID="tl_12_1" STYLEREFS="FONT0"/>
            <SP HEIGHT="56" WIDTH="23" VPOS="975" HPOS="499"/>
            <String HEIGHT="56" WIDTH="158" VPOS="975" HPOS="432" CONTENT="roi" ID="tl_12_2" STYLEREFS="FONT0"/>
            <SP HEIGHT="56" WIDTH="23" VPOS="975" HPOS="589"/>
            <String HEIGHT="56" WIDTH="315" VPOS="975" HPOS="522" CONTENT="d’Arménie," ID="tl_12_3" STYLEREFS="FONT0"/>
            <SP HEIGHT="56" WIDTH="23" VPOS="975" HPOS="837"/>
            <String HEIGHT="56" WIDTH="158" VPOS="975" HPOS="769" CONTENT="qui" ID="tl_12_4" STYLEREFS="FONT0"/>
            <SP HEIGHT="56" WIDTH="23" VPOS="975" HPOS="927"/>
            <String HEIGHT="56" WIDTH="135" VPOS="975" HPOS="860" CONTENT="la" ID="tl_12_5" STYLEREFS="FONT0"/>
            <SP HEIGHT="56" WIDTH="23" VPOS="975" HPOS="995"/>
            <String HEIGHT="56" WIDTH="203" VPOS="975" HPOS="927" CONTENT="reçut" ID="tl_12_6" STYLEREFS="FONT0"/>
            <SP HEIGHT="56" WIDTH="23" VPOS="975" HPOS="1130"/>
            <String HEIGHT="56" WIDTH="135" VPOS="975" HPOS="1062" CONTENT="et" ID="tl_12_7" STYLEREFS="FONT0"/>
            <SP HEIGHT="56" WIDTH="23" VPOS="975" HPOS="1197"/>
            <String HEIGHT="56" WIDTH="135" VPOS="975" HPOS="1130" CONTENT="la" ID="tl_12_8" STYLEREFS="FONT0"/>
            <SP HEIGHT="56" WIDTH="23" VPOS="975" HPOS="1265"/>
            <String HEIGHT="56" WIDTH="180" VPOS="975" HPOS="1175" CONTENT="traita" ID="tl_12_9" STYLEREFS="FONT0"/>
          </TextLine>
          <TextLine ID="tl_13" BASELINE="1109" HEIGHT="64" WIDTH="1037" VPOS="1045" HPOS="320">
            <String HEIGHT="64" WIDTH="202" VPOS="1045" HPOS="295" CONTENT="avec" ID="tl_13_1" STYLEREFS="FONT0"/>
            <SP HEIGHT="64" WIDTH="25" VPOS="1045" HPOS="497"/>
            <String HEIGHT="64" WIDTH="177" VPOS="1045" HPOS="421" CONTENT="les" ID="tl_13_2" STYLEREFS="FONT0"/>
            <SP HEIGHT="64" WIDTH="25" VPOS="1045" HPOS="598"/>
            <String HEIGHT="64" WIDTH="253" VPOS="1045" HPOS="522" CONTENT="égards" ID="tl_13_3" STYLEREFS="FONT0"/>
            <SP HEIGHT="64" WIDTH="25" VPOS="1045" HPOS="775"/>
            <String HEIGHT="64" WIDTH="177" VPOS="1045" HPOS="699" CONTENT="dus" ID="tl_13_4" STYLEREFS="FONT0"/>
            <SP HEIGHT="64" WIDTH="25" VPOS="1045" HPOS="876"/>
            <String HEIGHT="64" WIDTH="126" VPOS="1045" HPOS="801" CONTENT="à" ID="tl_13_5" STYLEREFS="FONT0"/>
            <SP HEIGHT="64" WIDTH="25" VPOS="1045" HPOS="927"/>
            <String HEIGHT="64" WIDTH="177" VPOS="1045" HPOS="851" CONTENT="son" ID="tl_13_6" STYLEREFS="FONT0"/>
            <SP HEIGHT="64" WIDTH="25" VPOS="1045" HPOS="1028"/>
            <String HEIGHT="64" WIDTH="228" VPOS="1045" HPOS="952" CONTENT="rang." ID="tl_13_7" STYLEREFS="FONT0"/>
            <SP HEIGHT="64" WIDTH="25" VPOS="1045" HPOS="1180"/>
            <String HEIGHT="64" WIDTH="152" VPOS="1045" HPOS="1104" CONTENT="Le" ID="tl_13_8" STYLEREFS="FONT0"/>
            <SP HEIGHT="64" WIDTH="25" VPOS="1045" HPOS="1256"/>
            <String HEIGHT="64" WIDTH="202" VPOS="1045" HPOS="1155" CONTENT="moment" ID="tl_13_9" STYLEREFS="FONT0"/>
          </TextLine>
          <TextLine ID="tl_14" BASELINE="1177" HEIGHT="70" WIDTH="1033" VPOS="1107" HPOS="322">
            <String HEIGHT="70" WIDTH="154" VPOS="1107" HPOS="300" CONTENT="que" ID="tl_14_1" STYLEREFS="FONT0"/>
            <SP HEIGHT="70" WIDTH="22" VPOS="1107" HPOS="454"/>
            <String HEIGHT="70" WIDTH="286" VPOS="1107" HPOS="388" CONTENT="l’artiste" ID="tl_14_2" STYLEREFS="FONT0"/>
            <SP HEIGHT="70" WIDTH="22" VPOS="1107" HPOS="674"/>
            <String HEIGHT="70" WIDTH="110" VPOS="1107" HPOS="608" CONTENT="a" ID="tl_14_3" STYLEREFS="FONT0"/>
            <SP HEIGHT="70" WIDTH="22" VPOS="1107" HPOS="718"/>
            <String HEIGHT="70" WIDTH="220" VPOS="1107" HPOS="652" CONTENT="choisi" ID="tl_14_4" STYLEREFS="FONT0"/>
            <SP HEIGHT="70" WIDTH="22" VPOS="1107" HPOS="871"/>
            <String HEIGHT="70" WIDTH="154" VPOS="1107" HPOS="806" CONTENT="est" ID="tl_14_5" STYLEREFS="FONT0"/>
            <SP HEIGHT="70" WIDTH="22" VPOS="1107" HPOS="959"/>
            <String HEIGHT="70" WIDTH="198" VPOS="1107" HPOS="893" CONTENT="celui" ID="tl_14_6" STYLEREFS="FONT0"/>
            <SP HEIGHT="70" WIDTH="22" VPOS="1107" HPOS="1091"/>
            <String HEIGHT="70" WIDTH="132" VPOS="1107" HPOS="1025" CONTENT="où" ID="tl_14_7" STYLEREFS="FONT0"/>
            <SP HEIGHT="70" WIDTH="22" VPOS="1107" HPOS="1157"/>
            <String HEIGHT="70" WIDTH="154" VPOS="1107" HPOS="1091" CONTENT="des" ID="tl_14_8" STYLEREFS="FONT0"/>
            <SP HEIGHT="70" WIDTH="22" VPOS="1107" HPOS="1245"/>
            <String HEIGHT="70" WIDTH="198" VPOS="1107" HPOS="1157" CONTENT="bergers" ID="tl_14_9" STYLEREFS="FONT0"/>
          </TextLine>
          <TextLine ID="tl_15" BASELINE="1244" HEIGHT="55" WIDTH="1033" VPOS="1189" HPOS="322">
            <String HEIGHT="55" WIDTH="164" VPOS="1189" HPOS="299" CONTENT="ont" ID="tl_15_1" STYLEREFS="FONT0"/>
            <SP HEIGHT="55" WIDTH="23" VPOS="1189" HPOS="463"/>
            <String HEIGHT="55" WIDTH="235" VPOS="1189" HPOS="392" CONTENT="trouvé" ID="tl_15_2" STYLEREFS="FONT0"/>
            <SP HEIGHT="55" WIDTH="23" VPOS="1189" HPOS="627"/>
            <String HEIGHT="55" WIDTH="282" VPOS="1189" HPOS="557" CONTENT="Zénobie," ID="tl_15_3" STYLEREFS="FONT0"/>
            <SP HEIGHT="55" WIDTH="23" VPOS="1189" HPOS="839"/>
            <String HEIGHT="55" WIDTH="141" VPOS="1189" HPOS="768" CONTENT="et" ID="tl_15_4" STYLEREFS="FONT0"/>
            <SP HEIGHT="55" WIDTH="23" VPOS="1189" HPOS="909"/>
            <String HEIGHT="55" WIDTH="141" VPOS="1189" HPOS="839" CONTENT="où" ID="tl_15_5" STYLEREFS="FONT0"/>
            <SP HEIGHT="55" WIDTH="23" VPOS="1189" HPOS="979"/>
            <String HEIGHT="55" WIDTH="188" VPOS="1189" HPOS="909" CONTENT="l’un" ID="tl_15_6" STYLEREFS="FONT0"/>
            <SP HEIGHT="55" WIDTH="23" VPOS="1189" HPOS="1097"/>
            <String HEIGHT="55" WIDTH="211" VPOS="1189" HPOS="1026" CONTENT="d’eux" ID="tl_15_7" STYLEREFS="FONT0"/>
            <SP HEIGHT="55" WIDTH="23" VPOS="1189" HPOS="1238"/>
            <String HEIGHT="55" WIDTH="164" VPOS="1189" HPOS="1167" CONTENT="lui" ID="tl_15_8" STYLEREFS="FONT0"/>
            <SP HEIGHT="55" WIDTH="23" VPOS="1189" HPOS="1332"/>
            <String HEIGHT="55" WIDTH="117" VPOS="1189" HPOS="1238" CONTENT="met" ID="tl_15_9" STYLEREFS="FONT0"/>
          </TextLine>
          <TextLine ID="tl_16" BASELINE="1304" HEIGHT="62" WIDTH="1032" VPOS="1242" HPOS="323">
            <String HEIGHT="62" WIDTH="135" VPOS="1242" HPOS="301" CONTENT="la" ID="tl_16_1" STYLEREFS="FONT0"/>
            <SP HEIGHT="62" WIDTH="22" VPOS="1242" HPOS="435"/>
            <String HEIGHT="62" WIDTH="179" VPOS="1242" HPOS="368" CONTENT="main" ID="tl_16_2" STYLEREFS="FONT0"/>
            <SP HEIGHT="62" WIDTH="22" VPOS="1242" HPOS="547"/>
            <String HEIGHT="62" WIDTH="157" VPOS="1242" HPOS="480" CONTENT="sur" ID="tl_16_3" STYLEREFS="FONT0"/>
            <SP HEIGHT="62" WIDTH="22" VPOS="1242" HPOS="637"/>
            <String HEIGHT="62" WIDTH="135" VPOS="1242" HPOS="570" CONTENT="le" ID="tl_16_4" STYLEREFS="FONT0"/>
            <SP HEIGHT="62" WIDTH="22" VPOS="1242" HPOS="704"/>
            <String HEIGHT="62" WIDTH="202" VPOS="1242" HPOS="637" CONTENT="cœur," ID="tl_16_5" STYLEREFS="FONT0"/>
            <SP HEIGHT="62" WIDTH="22" VPOS="1242" HPOS="839"/>
            <String HEIGHT="62" WIDTH="135" VPOS="1242" HPOS="772" CONTENT="et" ID="tl_16_6" STYLEREFS="FONT0"/>
            <SP HEIGHT="62" WIDTH="22" VPOS="1242" HPOS="906"/>
            <String HEIGHT="62" WIDTH="314" VPOS="1242" HPOS="839" CONTENT="s’aperçoit" ID="tl_16_7" STYLEREFS="FONT0"/>
            <SP HEIGHT="62" WIDTH="22" VPOS="1242" HPOS="1153"/>
            <String HEIGHT="62" WIDTH="202" VPOS="1242" HPOS="1086" CONTENT="qu’il" ID="tl_16_8" STYLEREFS="FONT0"/>
            <SP HEIGHT="62" WIDTH="22" VPOS="1242" HPOS="1288"/>
            <String HEIGHT="62" WIDTH="157" VPOS="1242" HPOS="1198" CONTENT="donne" ID="tl_16_9" STYLEREFS="FONT0"/>
          </TextLine>
          <TextLine ID="tl_17" BASELINE="1406" HEIGHT="88" WIDTH="653" VPOS="1318" HPOS="324">
            <String HEIGHT="88" WIDTH="233" VPOS="1318" HPOS="301" CONTENT="encore" ID="tl_17_1" STYLEREFS="FONT0"/>
            <SP HEIGHT="88" WIDTH="23" VPOS="1318" HPOS="534"/>
            <String HEIGHT="88" WIDTH="257" VPOS="1318" HPOS="464" CONTENT="quelque" ID="tl_17_2" STYLEREFS="FONT0"/>
            <SP HEIGHT="88" WIDTH="23" VPOS="1318" HPOS="720"/>
            <String HEIGHT="88" WIDTH="210" VPOS="1318" HPOS="651" CONTENT="signe" ID="tl_17_3" STYLEREFS="FONT0"/>
            <SP HEIGHT="88" WIDTH="23" VPOS="1318" HPOS="860"/>
            <String HEIGHT="88" WIDTH="140" VPOS="1318" HPOS="790" CONTENT="de" ID="tl_17_4" STYLEREFS="FONT0"/>
            <SP HEIGHT="88" WIDTH="23" VPOS="1318" HPOS="930"/>
            <String HEIGHT="88" WIDTH="140" VPOS="1318" HPOS="837" CONTENT="vie." ID="tl_17_5" STYLEREFS="FONT0"/>
          </TextLine>
        </TextBlock>
        <TextBlock ID="r_2_1" HEIGHT="55" WIDTH="883" VPOS="1606" HPOS="342">
          <TextLine ID="tl_18" BASELINE="1672" HEIGHT="89" WIDTH="897" VPOS="1583" HPOS="335">
            <String HEIGHT="89" WIDTH="256" VPOS="1583" HPOS="309" CONTENT="BOUTON" ID="tl_18_1" STYLEREFS="FONT0"/>
            <SP HEIGHT="89" WIDTH="26" VPOS="1583" HPOS="566"/>
            <String HEIGHT="89" WIDTH="513" VPOS="1583" HPOS="489" CONTENT="(Charles-Marie)," ID="tl_18_2" STYLEREFS="FONT0"/>
            <SP HEIGHT="89" WIDTH="26" VPOS="1583" HPOS="1001"/>
            <String HEIGHT="89" WIDTH="154" VPOS="1583" HPOS="924" CONTENT="né" ID="tl_18_3" STYLEREFS="FONT0"/>
            <SP HEIGHT="89" WIDTH="26" VPOS="1583" HPOS="1078"/>
            <String HEIGHT="89" WIDTH="128" VPOS="1583" HPOS="1001" CONTENT="à" ID="tl_18_4" STYLEREFS="FONT0"/>
            <SP HEIGHT="89" WIDTH="26" VPOS="1583" HPOS="1129"/>
            <String HEIGHT="89" WIDTH="205" VPOS="1583" HPOS="1027" CONTENT="Paris." ID="tl_18_5" STYLEREFS="FONT0"/>
          </TextLine>
        </TextBlock>
        <TextBlock ID="r_2_2" HEIGHT="148" WIDTH="1117" VPOS="1735" HPOS="233">
          <TextLine ID="tl_19" BASELINE="1811" HEIGHT="96" WIDTH="1130" VPOS="1715" HPOS="227">
            <String HEIGHT="96" WIDTH="193" VPOS="1715" HPOS="199" CONTENT="10." ID="tl_19_1" STYLEREFS="FONT0"/>
            <SP HEIGHT="96" WIDTH="28" VPOS="1715" HPOS="392"/>
            <String HEIGHT="96" WIDTH="358" VPOS="1715" HPOS="310" CONTENT="Intérieur" ID="tl_19_2" STYLEREFS="FONT0"/>
            <SP HEIGHT="96" WIDTH="28" VPOS="1715" HPOS="668"/>
            <String HEIGHT="96" WIDTH="165" VPOS="1715" HPOS="585" CONTENT="du" ID="tl_19_3" STYLEREFS="FONT0"/>
            <SP HEIGHT="96" WIDTH="28" VPOS="1715" HPOS="751"/>
            <String HEIGHT="96" WIDTH="276" VPOS="1715" HPOS="668" CONTENT="Palais" ID="tl_19_4" STYLEREFS="FONT0"/>
            <SP HEIGHT="96" WIDTH="28" VPOS="1715" HPOS="944"/>
            <String HEIGHT="96" WIDTH="193" VPOS="1715" HPOS="861" CONTENT="des" ID="tl_19_5" STYLEREFS="FONT0"/>
            <SP HEIGHT="96" WIDTH="28" VPOS="1715" HPOS="1054"/>
            <String HEIGHT="96" WIDTH="331" VPOS="1715" HPOS="971" CONTENT="Thermes," ID="tl_19_6" STYLEREFS="FONT0"/>
            <SP HEIGHT="96" WIDTH="28" VPOS="1715" HPOS="1302"/>
            <String HEIGHT="96" WIDTH="165" VPOS="1715" HPOS="1192" CONTENT="vul" SUBS_TYPE="HypPart1" SUBS_CONTENT="vulgairement" ID="tl_19_7" STYLEREFS="FONT0"/>
            <HYP CONTENT="-"/>
          </TextLine>
          <TextLine ID="tl_20" BASELINE="1894" HEIGHT="96" WIDTH="939" VPOS="1798" HPOS="282">
            <String HEIGHT="96" WIDTH="370" VPOS="1798" HPOS="254" CONTENT="gairement" SUBS_TYPE="HypPart2" SUBS_CONTENT="vulgairement" ID="tl_20_1" STYLEREFS="FONT0"/>
            <SP HEIGHT="96" WIDTH="28" VPOS="1798" HPOS="623"/>
            <String HEIGHT="96" WIDTH="285" VPOS="1798" HPOS="538" CONTENT="appelé" ID="tl_20_2" STYLEREFS="FONT0"/>
            <SP HEIGHT="96" WIDTH="28" VPOS="1798" HPOS="823"/>
            <String HEIGHT="96" WIDTH="256" VPOS="1798" HPOS="737" CONTENT="Bains" ID="tl_20_3" STYLEREFS="FONT0"/>
            <SP HEIGHT="96" WIDTH="28" VPOS="1798" HPOS="993"/>
            <String HEIGHT="96" WIDTH="171" VPOS="1798" HPOS="908" CONTENT="de" ID="tl_20_4" STYLEREFS="FONT0"/>
            <SP HEIGHT="96" WIDTH="28" VPOS="1798" HPOS="1079"/>
            <String HEIGHT="96" WIDTH="256" VPOS="1798" HPOS="965" CONTENT="Julien." ID="tl_20_5" STYLEREFS="FONT0"/>
          </TextLine>
        </TextBlock>
        <TextBlock ID="r_2_3" HEIGHT="333" WIDTH="1025" VPOS="1941" HPOS="327">
          <TextLine ID="tl_21" BASELINE="2011" HEIGHT="89" WIDTH="975" VPOS="1922" HPOS="379">
            <String HEIGHT="89" WIDTH="195" VPOS="1922" HPOS="357" CONTENT="Cette" ID="tl_21_1" STYLEREFS="FONT0"/>
            <SP HEIGHT="89" WIDTH="22" VPOS="1922" HPOS="552"/>
            <String HEIGHT="89" WIDTH="195" VPOS="1922" HPOS="487" CONTENT="salle" ID="tl_21_2" STYLEREFS="FONT0"/>
            <SP HEIGHT="89" WIDTH="22" VPOS="1922" HPOS="682"/>
            <String HEIGHT="89" WIDTH="217" VPOS="1922" HPOS="617" CONTENT="voûtée" ID="tl_21_3" STYLEREFS="FONT0"/>
            <SP HEIGHT="89" WIDTH="22" VPOS="1922" HPOS="834"/>
            <String HEIGHT="89" WIDTH="130" VPOS="1922" HPOS="769" CONTENT="se" ID="tl_21_4" STYLEREFS="FONT0"/>
            <SP HEIGHT="89" WIDTH="22" VPOS="1922" HPOS="899"/>
            <String HEIGHT="89" WIDTH="173" VPOS="1922" HPOS="834" CONTENT="voit" ID="tl_21_5" STYLEREFS="FONT0"/>
            <SP HEIGHT="89" WIDTH="22" VPOS="1922" HPOS="1007"/>
            <String HEIGHT="89" WIDTH="130" VPOS="1922" HPOS="942" CONTENT="au" ID="tl_21_6" STYLEREFS="FONT0"/>
            <SP HEIGHT="89" WIDTH="22" VPOS="1922" HPOS="1072"/>
            <String HEIGHT="89" WIDTH="173" VPOS="1922" HPOS="1007" CONTENT="fond" ID="tl_21_7" STYLEREFS="FONT0"/>
            <SP HEIGHT="89" WIDTH="22" VPOS="1922" HPOS="1181"/>
            <String HEIGHT="89" WIDTH="195" VPOS="1922" HPOS="1116" CONTENT="d’une" ID="tl_21_8" STYLEREFS="FONT0"/>
            <SP HEIGHT="89" WIDTH="22" VPOS="1922" HPOS="1311"/>
            <String HEIGHT="89" WIDTH="130" VPOS="1922" HPOS="1224" CONTENT="mai" SUBS_TYPE="HypPart1" SUBS_CONTENT="maison" ID="tl_21_9" STYLEREFS="FONT0"/>
            <HYP CONTENT="-"/>
          </TextLine>
          <TextLine ID="tl_22" BASELINE="2085" HEIGHT="91" WIDTH="1034" VPOS="1994" HPOS="323">
            <String HEIGHT="91" WIDTH="165" VPOS="1994" HPOS="300" CONTENT="son" SUBS_TYPE="HypPart2" SUBS_CONTENT="maison" ID="tl_22_1" STYLEREFS="FONT0"/>
            <SP HEIGHT="91" WIDTH="24" VPOS="1994" HPOS="464"/>
            <String HEIGHT="91" WIDTH="259" VPOS="1994" HPOS="394" CONTENT="appelée" ID="tl_22_2" STYLEREFS="FONT0"/>
            <SP HEIGHT="91" WIDTH="24" VPOS="1994" HPOS="652"/>
            <String HEIGHT="91" WIDTH="141" VPOS="1994" HPOS="582" CONTENT="la" ID="tl_22_3" STYLEREFS="FONT0"/>
            <SP HEIGHT="91" WIDTH="24" VPOS="1994" HPOS="723"/>
            <String HEIGHT="91" WIDTH="400" VPOS="1994" HPOS="652" CONTENT="Croix-de-Fer," ID="tl_22_4" STYLEREFS="FONT0"/>
            <SP HEIGHT="91" WIDTH="24" VPOS="1994" HPOS="1052"/>
            <String HEIGHT="91" WIDTH="235" VPOS="1994" HPOS="981" CONTENT="située" ID="tl_22_5" STYLEREFS="FONT0"/>
            <SP HEIGHT="91" WIDTH="24" VPOS="1994" HPOS="1216"/>
            <String HEIGHT="91" WIDTH="118" VPOS="1994" HPOS="1146" CONTENT="à" ID="tl_22_6" STYLEREFS="FONT0"/>
            <SP HEIGHT="91" WIDTH="24" VPOS="1994" HPOS="1263"/>
            <String HEIGHT="91" WIDTH="188" VPOS="1994" HPOS="1169" CONTENT="Paris," ID="tl_22_7" STYLEREFS="FONT0"/>
          </TextLine>
          <TextLine ID="tl_23" BASELINE="2132" HEIGHT="57" WIDTH="1032" VPOS="2075" HPOS="322">
            <String HEIGHT="57" WIDTH="164" VPOS="2075" HPOS="299" CONTENT="rue" ID="tl_23_1" STYLEREFS="FONT0"/>
            <SP HEIGHT="57" WIDTH="23" VPOS="2075" HPOS="463"/>
            <String HEIGHT="57" WIDTH="141" VPOS="2075" HPOS="392" CONTENT="de" ID="tl_23_2" STYLEREFS="FONT0"/>
            <SP HEIGHT="57" WIDTH="23" VPOS="2075" HPOS="533"/>
            <String HEIGHT="57" WIDTH="141" VPOS="2075" HPOS="463" CONTENT="la" ID="tl_23_3" STYLEREFS="FONT0"/>
            <SP HEIGHT="57" WIDTH="23" VPOS="2075" HPOS="603"/>
            <String HEIGHT="57" WIDTH="235" VPOS="2075" HPOS="533" CONTENT="Harpe," ID="tl_23_4" STYLEREFS="FONT0"/>
            <SP HEIGHT="57" WIDTH="23" VPOS="2075" HPOS="768"/>
            <String HEIGHT="57" WIDTH="141" VPOS="2075" HPOS="697" CONTENT="et" ID="tl_23_5" STYLEREFS="FONT0"/>
            <SP HEIGHT="57" WIDTH="23" VPOS="2075" HPOS="838"/>
            <String HEIGHT="57" WIDTH="164" VPOS="2075" HPOS="768" CONTENT="qui" ID="tl_23_6" STYLEREFS="FONT0"/>
            <SP HEIGHT="57" WIDTH="23" VPOS="2075" HPOS="932"/>
            <String HEIGHT="57" WIDTH="188" VPOS="2075" HPOS="861" CONTENT="sert" ID="tl_23_7" STYLEREFS="FONT0"/>
            <SP HEIGHT="57" WIDTH="23" VPOS="2075" HPOS="1049"/>
            <String HEIGHT="57" WIDTH="141" VPOS="2075" HPOS="979" CONTENT="de" ID="tl_23_8" STYLEREFS="FONT0"/>
            <SP HEIGHT="57" WIDTH="23" VPOS="2075" HPOS="1119"/>
            <String HEIGHT="57" WIDTH="258" VPOS="2075" HPOS="1049" CONTENT="magasin" ID="tl_23_9" STYLEREFS="FONT0"/>
            <SP HEIGHT="57" WIDTH="23" VPOS="2075" HPOS="1307"/>
            <String HEIGHT="57" WIDTH="117" VPOS="2075" HPOS="1237" CONTENT="à" ID="tl_23_10" STYLEREFS="FONT0"/>
            <SP HEIGHT="57" WIDTH="23" VPOS="2075" HPOS="1354"/>
            <String HEIGHT="57" WIDTH="94" VPOS="2075" HPOS="1260" CONTENT="un" ID="tl_23_11" STYLEREFS="FONT0"/>
          </TextLine>
          <TextLine ID="tl_24" BASELINE="2209" HEIGHT="59" WIDTH="1038" VPOS="2150" HPOS="321">
            <String HEIGHT="59" WIDTH="338" VPOS="2150" HPOS="297" CONTENT="tonnelier." ID="tl_24_1" STYLEREFS="FONT0"/>
            <SP HEIGHT="59" WIDTH="24" VPOS="2150" HPOS="635"/>
            <String HEIGHT="59" WIDTH="145" VPOS="2150" HPOS="562" CONTENT="Ce" ID="tl_24_2" STYLEREFS="FONT0"/>
            <SP HEIGHT="59" WIDTH="24" VPOS="2150" HPOS="707"/>
            <String HEIGHT="59" WIDTH="314" VPOS="2150" HPOS="635" CONTENT="monument," ID="tl_24_3" STYLEREFS="FONT0"/>
            <SP HEIGHT="59" WIDTH="24" VPOS="2150" HPOS="949"/>
            <String HEIGHT="59" WIDTH="145" VPOS="2150" HPOS="876" CONTENT="de" ID="tl_24_4" STYLEREFS="FONT0"/>
            <SP HEIGHT="59" WIDTH="24" VPOS="2150" HPOS="1021"/>
            <String HEIGHT="59" WIDTH="386" VPOS="2150" HPOS="949" CONTENT="construction" ID="tl_24_5" STYLEREFS="FONT0"/>
            <SP HEIGHT="59" WIDTH="24" VPOS="2150" HPOS="1335"/>
            <String HEIGHT="59" WIDTH="121" VPOS="2150" HPOS="1238" CONTENT="ro" SUBS_TYPE="HypPart1" SUBS_CONTENT="romaine," ID="tl_24_6" STYLEREFS="FONT0"/>
            <HYP CONTENT="-"/>
          </TextLine>
          <TextLine ID="tl_25" BASELINE="2287" HEIGHT="76" WIDTH="1033" VPOS="2211" HPOS="322">
            <String HEIGHT="76" WIDTH="246" VPOS="2211" HPOS="297" CONTENT="maine," SUBS_TYPE="HypPart2" SUBS_CONTENT="romaine," ID="tl_25_1" STYLEREFS="FONT0"/>
            <SP HEIGHT="76" WIDTH="25" VPOS="2211" HPOS="543"/>
            <String HEIGHT="76" WIDTH="172" VPOS="2211" HPOS="470" CONTENT="est" ID="tl_25_2" STYLEREFS="FONT0"/>
            <SP HEIGHT="76" WIDTH="25" VPOS="2211" HPOS="642"/>
            <String HEIGHT="76" WIDTH="148" VPOS="2211" HPOS="568" CONTENT="un" ID="tl_25_3" STYLEREFS="FONT0"/>
            <SP HEIGHT="76" WIDTH="25" VPOS="2211" HPOS="716"/>
            <String HEIGHT="76" WIDTH="221" VPOS="2211" HPOS="642" CONTENT="reste" ID="tl_25_4" STYLEREFS="FONT0"/>
            <SP HEIGHT="76" WIDTH="25" VPOS="2211" HPOS="863"/>
            <String HEIGHT="76" WIDTH="148" VPOS="2211" HPOS="789" CONTENT="de" ID="tl_25_5" STYLEREFS="FONT0"/>
            <SP HEIGHT="76" WIDTH="25" VPOS="2211" HPOS="937"/>
            <String HEIGHT="76" WIDTH="295" VPOS="2211" HPOS="863" CONTENT="l’ancien" ID="tl_25_6" STYLEREFS="FONT0"/>
            <SP HEIGHT="76" WIDTH="25" VPOS="2211" HPOS="1158"/>
            <String HEIGHT="76" WIDTH="246" VPOS="2211" HPOS="1084" CONTENT="palais" ID="tl_25_7" STYLEREFS="FONT0"/>
            <SP HEIGHT="76" WIDTH="25" VPOS="2211" HPOS="1330"/>
            <String HEIGHT="76" WIDTH="123" VPOS="2211" HPOS="1232" CONTENT="des" ID="tl_25_8" STYLEREFS="FONT0"/>
          </TextLine>
        </TextBlock>
        <GraphicalElement ID="r_3" HEIGHT="16" WIDTH="243" VPOS="39" HPOS="245"/>
        <GraphicalElement ID="r_4" HEIGHT="15" WIDTH="944" VPOS="50" HPOS="488"/>
        <GraphicalElement ID="r_5" HEIGHT="6" WIDTH="188" VPOS="1491" HPOS="686"/>
        <GraphicalElement ID="r_6" HEIGHT="2364" WIDTH="18" VPOS="208" HPOS="49"/>
        <GraphicalElement ID="r_7" HEIGHT="247" WIDTH="13" VPOS="62" HPOS="1508"/>
        <GraphicalElement ID="r_8" HEIGHT="1200" WIDTH="20" VPOS="1182" HPOS="1530"/>
        <GraphicalElement ID="r_9" HEIGHT="960" WIDTH="28" VPOS="66" HPOS="1532"/>
      </PrintSpace>
    </Page>
  </Layout>
</alto>
