<alto xmlns:xsi="http://www.w3.org/2001/XMLSchema-instance" xmlns="http://www.loc.gov/standards/alto/ns-v2#" xmlns:page="http://schema.primaresearch.org/PAGE/gts/pagecontent/2013-07-15" xsi:schemaLocation="http://www.loc.gov/standards/alto/ns-v2# http://www.loc.gov/standards/alto/alto.xsd">
  <Description>
    <MeasurementUnit>pixel</MeasurementUnit>
    <sourceImageInformation>
         <fileName>20.jpg</fileName>
      </sourceImageInformation>
    <OCRProcessing ID="IdOcr">
      <ocrProcessingStep>
        <processingDateTime>2020-10-31T11:12:40.845+01:00</processingDateTime>
        <processingSoftware>
               <softwareCreator>CONTRIBUTORS</softwareCreator>
               <softwareName>pdfalto</softwareName>
               <softwareVersion>0.1</softwareVersion>
            </processingSoftware>
      </ocrProcessingStep>
    </OCRProcessing>
  </Description>
  <Styles>
     <TextStyle ID="FONT0" FONTSTYLE=""/>
     <TextStyle ID="FONT1" FONTSTYLE="bold"/>
     <TextStyle ID="FONT2" FONTSTYLE="italics"/>
</Styles>
  <Tags/>
  <Layout>
    <Page ID="Page1" PHYSICAL_IMG_NR="1" HEIGHT="2709" WIDTH="1620">
      <PrintSpace HEIGHT="2586" WIDTH="1568" VPOS="42" HPOS="7">
        <TextBlock ID="r_1_1" HEIGHT="65" WIDTH="168" VPOS="218" HPOS="716">
          <TextLine ID="tl_1" BASELINE="290" HEIGHT="94" WIDTH="181" VPOS="196" HPOS="709">
            <String HEIGHT="94" WIDTH="181" VPOS="196" HPOS="673" CONTENT="(" ID="tl_1_1" STYLEREFS="FONT0"/>
            <SP HEIGHT="94" WIDTH="36" VPOS="196" HPOS="854"/>
            <String HEIGHT="94" WIDTH="181" VPOS="196" HPOS="709" CONTENT="10)" ID="tl_1_2" STYLEREFS="FONT0"/>
          </TextLine>
        </TextBlock>
        <TextBlock ID="r_1_2" HEIGHT="112" WIDTH="1034" VPOS="312" HPOS="342">
          <TextLine ID="tl_2" BASELINE="366" HEIGHT="86" WIDTH="1047" VPOS="280" HPOS="335">
            <String HEIGHT="86" WIDTH="292" VPOS="280" HPOS="311" CONTENT="Thermes," ID="tl_2_1" STYLEREFS="FONT0"/>
            <SP HEIGHT="86" WIDTH="24" VPOS="280" HPOS="603"/>
            <String HEIGHT="86" WIDTH="170" VPOS="280" HPOS="530" CONTENT="que" ID="tl_2_2" STYLEREFS="FONT0"/>
            <SP HEIGHT="86" WIDTH="24" VPOS="280" HPOS="700"/>
            <String HEIGHT="86" WIDTH="195" VPOS="280" HPOS="627" CONTENT="l’on" ID="tl_2_3" STYLEREFS="FONT0"/>
            <SP HEIGHT="86" WIDTH="24" VPOS="280" HPOS="822"/>
            <String HEIGHT="86" WIDTH="219" VPOS="280" HPOS="749" CONTENT="croit" ID="tl_2_4" STYLEREFS="FONT0"/>
            <SP HEIGHT="86" WIDTH="24" VPOS="280" HPOS="968"/>
            <String HEIGHT="86" WIDTH="195" VPOS="280" HPOS="895" CONTENT="bâti" ID="tl_2_5" STYLEREFS="FONT0"/>
            <SP HEIGHT="86" WIDTH="24" VPOS="280" HPOS="1090"/>
            <String HEIGHT="86" WIDTH="170" VPOS="280" HPOS="1017" CONTENT="par" ID="tl_2_6" STYLEREFS="FONT0"/>
            <SP HEIGHT="86" WIDTH="24" VPOS="280" HPOS="1187"/>
            <String HEIGHT="86" WIDTH="292" VPOS="280" HPOS="1090" CONTENT="l’empereur" ID="tl_2_7" STYLEREFS="FONT0"/>
          </TextLine>
          <TextLine ID="tl_3" BASELINE="445" HEIGHT="78" WIDTH="473" VPOS="367" HPOS="335">
            <String HEIGHT="78" WIDTH="225" VPOS="367" HPOS="312" CONTENT="Julien" ID="tl_3_1" STYLEREFS="FONT0"/>
            <SP HEIGHT="78" WIDTH="23" VPOS="367" HPOS="538"/>
            <String HEIGHT="78" WIDTH="180" VPOS="367" HPOS="470" CONTENT="vers" ID="tl_3_2" STYLEREFS="FONT0"/>
            <SP HEIGHT="78" WIDTH="23" VPOS="367" HPOS="650"/>
            <String HEIGHT="78" WIDTH="180" VPOS="367" HPOS="583" CONTENT="l’an" ID="tl_3_3" STYLEREFS="FONT0"/>
            <SP HEIGHT="78" WIDTH="23" VPOS="367" HPOS="763"/>
            <String HEIGHT="78" WIDTH="135" VPOS="367" HPOS="673" CONTENT="358." ID="tl_3_4" STYLEREFS="FONT0"/>
          </TextLine>
        </TextBlock>
        <TextBlock ID="r_1_3" HEIGHT="456" WIDTH="1034" VPOS="454" HPOS="342">
          <TextLine ID="tl_4" BASELINE="504" HEIGHT="79" WIDTH="990" VPOS="425" HPOS="391">
            <String HEIGHT="79" WIDTH="149" VPOS="425" HPOS="366" CONTENT="La" ID="tl_4_1" STYLEREFS="FONT0"/>
            <SP HEIGHT="79" WIDTH="25" VPOS="425" HPOS="515"/>
            <String HEIGHT="79" WIDTH="173" VPOS="425" HPOS="441" CONTENT="vue" ID="tl_4_2" STYLEREFS="FONT0"/>
            <SP HEIGHT="79" WIDTH="25" VPOS="425" HPOS="614"/>
            <String HEIGHT="79" WIDTH="173" VPOS="425" HPOS="540" CONTENT="est" ID="tl_4_3" STYLEREFS="FONT0"/>
            <SP HEIGHT="79" WIDTH="25" VPOS="425" HPOS="713"/>
            <String HEIGHT="79" WIDTH="297" VPOS="425" HPOS="639" CONTENT="supposée" ID="tl_4_4" STYLEREFS="FONT0"/>
            <SP HEIGHT="79" WIDTH="25" VPOS="425" HPOS="936"/>
            <String HEIGHT="79" WIDTH="223" VPOS="425" HPOS="861" CONTENT="prise" ID="tl_4_5" STYLEREFS="FONT0"/>
            <SP HEIGHT="79" WIDTH="25" VPOS="425" HPOS="1084"/>
            <String HEIGHT="79" WIDTH="198" VPOS="425" HPOS="1010" CONTENT="dans" ID="tl_4_6" STYLEREFS="FONT0"/>
            <SP HEIGHT="79" WIDTH="25" VPOS="425" HPOS="1208"/>
            <String HEIGHT="79" WIDTH="149" VPOS="425" HPOS="1134" CONTENT="un" ID="tl_4_7" STYLEREFS="FONT0"/>
            <SP HEIGHT="79" WIDTH="25" VPOS="425" HPOS="1282"/>
            <String HEIGHT="79" WIDTH="198" VPOS="425" HPOS="1183" CONTENT="siècle" ID="tl_4_8" STYLEREFS="FONT0"/>
          </TextLine>
          <TextLine ID="tl_5" BASELINE="581" HEIGHT="79" WIDTH="1045" VPOS="502" HPOS="338">
            <String HEIGHT="79" WIDTH="302" VPOS="502" HPOS="315" CONTENT="antérieur" ID="tl_5_1" STYLEREFS="FONT0"/>
            <SP HEIGHT="79" WIDTH="23" VPOS="502" HPOS="617"/>
            <String HEIGHT="79" WIDTH="116" VPOS="502" HPOS="547" CONTENT="à" ID="tl_5_2" STYLEREFS="FONT0"/>
            <SP HEIGHT="79" WIDTH="23" VPOS="502" HPOS="663"/>
            <String HEIGHT="79" WIDTH="209" VPOS="502" HPOS="593" CONTENT="celui" ID="tl_5_3" STYLEREFS="FONT0"/>
            <SP HEIGHT="79" WIDTH="23" VPOS="502" HPOS="802"/>
            <String HEIGHT="79" WIDTH="163" VPOS="502" HPOS="733" CONTENT="ci," ID="tl_5_4" STYLEREFS="FONT0"/>
            <SP HEIGHT="79" WIDTH="23" VPOS="502" HPOS="895"/>
            <String HEIGHT="79" WIDTH="139" VPOS="502" HPOS="826" CONTENT="ce" ID="tl_5_5" STYLEREFS="FONT0"/>
            <SP HEIGHT="79" WIDTH="23" VPOS="502" HPOS="965"/>
            <String HEIGHT="79" WIDTH="163" VPOS="502" HPOS="895" CONTENT="qui" ID="tl_5_6" STYLEREFS="FONT0"/>
            <SP HEIGHT="79" WIDTH="23" VPOS="502" HPOS="1058"/>
            <String HEIGHT="79" WIDTH="116" VPOS="502" HPOS="988" CONTENT="a" ID="tl_5_7" STYLEREFS="FONT0"/>
            <SP HEIGHT="79" WIDTH="23" VPOS="502" HPOS="1104"/>
            <String HEIGHT="79" WIDTH="232" VPOS="502" HPOS="1035" CONTENT="motivé" ID="tl_5_8" STYLEREFS="FONT0"/>
            <SP HEIGHT="79" WIDTH="23" VPOS="502" HPOS="1267"/>
            <String HEIGHT="79" WIDTH="139" VPOS="502" HPOS="1197" CONTENT="la" ID="tl_5_9" STYLEREFS="FONT0"/>
            <SP HEIGHT="79" WIDTH="23" VPOS="502" HPOS="1337"/>
            <String HEIGHT="79" WIDTH="139" VPOS="502" HPOS="1244" CONTENT="res" SUBS_TYPE="HypPart1" SUBS_CONTENT="restauration" ID="tl_5_10" STYLEREFS="FONT0"/>
            <HYP CONTENT="-"/>
          </TextLine>
          <TextLine ID="tl_6" BASELINE="658" HEIGHT="78" WIDTH="1046" VPOS="580" HPOS="336">
            <String HEIGHT="78" WIDTH="309" VPOS="580" HPOS="312" CONTENT="tauration" SUBS_TYPE="HypPart2" SUBS_CONTENT="restauration" ID="tl_6_1" STYLEREFS="FONT0"/>
            <SP HEIGHT="78" WIDTH="24" VPOS="580" HPOS="621"/>
            <String HEIGHT="78" WIDTH="309" VPOS="580" HPOS="550" CONTENT="partielle" ID="tl_6_2" STYLEREFS="FONT0"/>
            <SP HEIGHT="78" WIDTH="24" VPOS="580" HPOS="859"/>
            <String HEIGHT="78" WIDTH="143" VPOS="580" HPOS="788" CONTENT="de" ID="tl_6_3" STYLEREFS="FONT0"/>
            <SP HEIGHT="78" WIDTH="24" VPOS="580" HPOS="930"/>
            <String HEIGHT="78" WIDTH="143" VPOS="580" HPOS="859" CONTENT="ce" ID="tl_6_4" STYLEREFS="FONT0"/>
            <SP HEIGHT="78" WIDTH="24" VPOS="580" HPOS="1002"/>
            <String HEIGHT="78" WIDTH="214" VPOS="580" HPOS="930" CONTENT="lieu." ID="tl_6_5" STYLEREFS="FONT0"/>
            <SP HEIGHT="78" WIDTH="24" VPOS="580" HPOS="1144"/>
            <String HEIGHT="78" WIDTH="143" VPOS="580" HPOS="1073" CONTENT="On" ID="tl_6_6" STYLEREFS="FONT0"/>
            <SP HEIGHT="78" WIDTH="24" VPOS="580" HPOS="1216"/>
            <String HEIGHT="78" WIDTH="119" VPOS="580" HPOS="1144" CONTENT="y" ID="tl_6_7" STYLEREFS="FONT0"/>
            <SP HEIGHT="78" WIDTH="24" VPOS="580" HPOS="1263"/>
            <String HEIGHT="78" WIDTH="190" VPOS="580" HPOS="1192" CONTENT="voit" ID="tl_6_8" STYLEREFS="FONT0"/>
            <SP HEIGHT="78" WIDTH="24" VPOS="580" HPOS="1382"/>
            <String HEIGHT="78" WIDTH="95" VPOS="580" HPOS="1287" CONTENT="la" ID="tl_6_9" STYLEREFS="FONT0"/>
          </TextLine>
          <TextLine ID="tl_7" BASELINE="730" HEIGHT="84" WIDTH="1041" VPOS="646" HPOS="337">
            <String HEIGHT="84" WIDTH="226" VPOS="646" HPOS="314" CONTENT="statue" ID="tl_7_1" STYLEREFS="FONT0"/>
            <SP HEIGHT="84" WIDTH="23" VPOS="646" HPOS="541"/>
            <String HEIGHT="84" WIDTH="136" VPOS="646" HPOS="473" CONTENT="de" ID="tl_7_2" STYLEREFS="FONT0"/>
            <SP HEIGHT="84" WIDTH="23" VPOS="646" HPOS="609"/>
            <String HEIGHT="84" WIDTH="475" VPOS="646" HPOS="541" CONTENT="l’empereurJulien," ID="tl_7_3" STYLEREFS="FONT0"/>
            <SP HEIGHT="84" WIDTH="23" VPOS="646" HPOS="1016"/>
            <String HEIGHT="84" WIDTH="136" VPOS="646" HPOS="948" CONTENT="et" ID="tl_7_4" STYLEREFS="FONT0"/>
            <SP HEIGHT="84" WIDTH="23" VPOS="646" HPOS="1084"/>
            <String HEIGHT="84" WIDTH="158" VPOS="646" HPOS="1016" CONTENT="une" ID="tl_7_5" STYLEREFS="FONT0"/>
            <SP HEIGHT="84" WIDTH="23" VPOS="646" HPOS="1174"/>
            <String HEIGHT="84" WIDTH="226" VPOS="646" HPOS="1106" CONTENT="grande" ID="tl_7_6" STYLEREFS="FONT0"/>
            <SP HEIGHT="84" WIDTH="23" VPOS="646" HPOS="1333"/>
            <String HEIGHT="84" WIDTH="136" VPOS="646" HPOS="1242" CONTENT="bai" SUBS_TYPE="HypPart1" SUBS_CONTENT="baignoire" ID="tl_7_7" STYLEREFS="FONT0"/>
            <HYP CONTENT="-"/>
          </TextLine>
          <TextLine ID="tl_8" BASELINE="790" HEIGHT="70" WIDTH="1046" VPOS="720" HPOS="336">
            <String HEIGHT="70" WIDTH="243" VPOS="720" HPOS="312" CONTENT="gnoire" SUBS_TYPE="HypPart2" SUBS_CONTENT="baignoire" ID="tl_8_1" STYLEREFS="FONT0"/>
            <SP HEIGHT="70" WIDTH="24" VPOS="720" HPOS="555"/>
            <String HEIGHT="70" WIDTH="146" VPOS="720" HPOS="482" CONTENT="en" ID="tl_8_2" STYLEREFS="FONT0"/>
            <SP HEIGHT="70" WIDTH="24" VPOS="720" HPOS="628"/>
            <String HEIGHT="70" WIDTH="292" VPOS="720" HPOS="555" CONTENT="porphyre" ID="tl_8_3" STYLEREFS="FONT0"/>
            <SP HEIGHT="70" WIDTH="24" VPOS="720" HPOS="847"/>
            <String HEIGHT="70" WIDTH="146" VPOS="720" HPOS="774" CONTENT="un" ID="tl_8_4" STYLEREFS="FONT0"/>
            <SP HEIGHT="70" WIDTH="24" VPOS="720" HPOS="920"/>
            <String HEIGHT="70" WIDTH="170" VPOS="720" HPOS="847" CONTENT="peu" ID="tl_8_5" STYLEREFS="FONT0"/>
            <SP HEIGHT="70" WIDTH="24" VPOS="720" HPOS="1017"/>
            <String HEIGHT="70" WIDTH="292" VPOS="720" HPOS="944" CONTENT="mutilée." ID="tl_8_6" STYLEREFS="FONT0"/>
            <SP HEIGHT="70" WIDTH="24" VPOS="720" HPOS="1236"/>
            <String HEIGHT="70" WIDTH="122" VPOS="720" HPOS="1163" CONTENT="A" ID="tl_8_7" STYLEREFS="FONT0"/>
            <SP HEIGHT="70" WIDTH="24" VPOS="720" HPOS="1285"/>
            <String HEIGHT="70" WIDTH="195" VPOS="720" HPOS="1187" CONTENT="gauche" ID="tl_8_8" STYLEREFS="FONT0"/>
          </TextLine>
          <TextLine ID="tl_9" BASELINE="869" HEIGHT="79" WIDTH="1046" VPOS="790" HPOS="336">
            <String HEIGHT="79" WIDTH="146" VPOS="790" HPOS="312" CONTENT="on" ID="tl_9_1" STYLEREFS="FONT0"/>
            <SP HEIGHT="79" WIDTH="24" VPOS="790" HPOS="458"/>
            <String HEIGHT="79" WIDTH="292" VPOS="790" HPOS="385" CONTENT="aperçoit" ID="tl_9_2" STYLEREFS="FONT0"/>
            <SP HEIGHT="79" WIDTH="24" VPOS="790" HPOS="677"/>
            <String HEIGHT="79" WIDTH="195" VPOS="790" HPOS="604" CONTENT="deux" ID="tl_9_3" STYLEREFS="FONT0"/>
            <SP HEIGHT="79" WIDTH="24" VPOS="790" HPOS="798"/>
            <String HEIGHT="79" WIDTH="268" VPOS="790" HPOS="725" CONTENT="hommes," ID="tl_9_4" STYLEREFS="FONT0"/>
            <SP HEIGHT="79" WIDTH="24" VPOS="790" HPOS="993"/>
            <String HEIGHT="79" WIDTH="195" VPOS="790" HPOS="920" CONTENT="dont" ID="tl_9_5" STYLEREFS="FONT0"/>
            <SP HEIGHT="79" WIDTH="24" VPOS="790" HPOS="1114"/>
            <String HEIGHT="79" WIDTH="146" VPOS="790" HPOS="1041" CONTENT="un" ID="tl_9_6" STYLEREFS="FONT0"/>
            <SP HEIGHT="79" WIDTH="24" VPOS="790" HPOS="1187"/>
            <String HEIGHT="79" WIDTH="170" VPOS="790" HPOS="1114" CONTENT="est" ID="tl_9_7" STYLEREFS="FONT0"/>
            <SP HEIGHT="79" WIDTH="24" VPOS="790" HPOS="1285"/>
            <String HEIGHT="79" WIDTH="195" VPOS="790" HPOS="1187" CONTENT="occupé" ID="tl_9_8" STYLEREFS="FONT0"/>
          </TextLine>
          <TextLine ID="tl_10" BASELINE="920" HEIGHT="69" WIDTH="582" VPOS="851" HPOS="336">
            <String HEIGHT="69" WIDTH="127" VPOS="851" HPOS="311" CONTENT="à" ID="tl_10_1" STYLEREFS="FONT0"/>
            <SP HEIGHT="69" WIDTH="25" VPOS="851" HPOS="437"/>
            <String HEIGHT="69" WIDTH="304" VPOS="851" HPOS="361" CONTENT="dessiner" ID="tl_10_2" STYLEREFS="FONT0"/>
            <SP HEIGHT="69" WIDTH="25" VPOS="851" HPOS="665"/>
            <String HEIGHT="69" WIDTH="152" VPOS="851" HPOS="589" CONTENT="ce" ID="tl_10_3" STYLEREFS="FONT0"/>
            <SP HEIGHT="69" WIDTH="25" VPOS="851" HPOS="741"/>
            <String HEIGHT="69" WIDTH="278" VPOS="851" HPOS="640" CONTENT="monument." ID="tl_10_4" STYLEREFS="FONT0"/>
          </TextLine>
        </TextBlock>
        <TextBlock ID="r_1_4" HEIGHT="144" WIDTH="1133" VPOS="1043" HPOS="240">
          <TextLine ID="tl_11" BASELINE="1114" HEIGHT="75" WIDTH="1144" VPOS="1039" HPOS="235">
            <String HEIGHT="75" WIDTH="195" VPOS="1039" HPOS="207" CONTENT="11." ID="tl_11_1" STYLEREFS="FONT0"/>
            <SP HEIGHT="75" WIDTH="28" VPOS="1039" HPOS="402"/>
            <String HEIGHT="75" WIDTH="335" VPOS="1039" HPOS="319" CONTENT="Chapelle" ID="tl_11_2" STYLEREFS="FONT0"/>
            <SP HEIGHT="75" WIDTH="28" VPOS="1039" HPOS="654"/>
            <String HEIGHT="75" WIDTH="167" VPOS="1039" HPOS="570" CONTENT="du" ID="tl_11_3" STYLEREFS="FONT0"/>
            <SP HEIGHT="75" WIDTH="28" VPOS="1039" HPOS="737"/>
            <String HEIGHT="75" WIDTH="335" VPOS="1039" HPOS="654" CONTENT="Calvaire" ID="tl_11_4" STYLEREFS="FONT0"/>
            <SP HEIGHT="75" WIDTH="28" VPOS="1039" HPOS="988"/>
            <String HEIGHT="75" WIDTH="223" VPOS="1039" HPOS="905" CONTENT="dans" ID="tl_11_5" STYLEREFS="FONT0"/>
            <SP HEIGHT="75" WIDTH="28" VPOS="1039" HPOS="1128"/>
            <String HEIGHT="75" WIDTH="335" VPOS="1039" HPOS="1044" CONTENT="l’église" ID="tl_11_6" STYLEREFS="FONT0"/>
            <SP HEIGHT="75" WIDTH="28" VPOS="1039" HPOS="1379"/>
            <String HEIGHT="75" WIDTH="112" VPOS="1039" HPOS="1267" CONTENT="de" ID="tl_11_7" STYLEREFS="FONT0"/>
          </TextLine>
          <TextLine ID="tl_12" BASELINE="1199" HEIGHT="100" WIDTH="584" VPOS="1099" HPOS="295">
            <String HEIGHT="100" WIDTH="438" VPOS="1099" HPOS="266" CONTENT="Saint-Roch," ID="tl_12_1" STYLEREFS="FONT0"/>
            <SP HEIGHT="100" WIDTH="29" VPOS="1099" HPOS="704"/>
            <String HEIGHT="100" WIDTH="146" VPOS="1099" HPOS="616" CONTENT="à" ID="tl_12_2" STYLEREFS="FONT0"/>
            <SP HEIGHT="100" WIDTH="29" VPOS="1099" HPOS="762"/>
            <String HEIGHT="100" WIDTH="234" VPOS="1099" HPOS="645" CONTENT="Paris." ID="tl_12_3" STYLEREFS="FONT0"/>
          </TextLine>
        </TextBlock>
        <TextBlock ID="r_1_5" HEIGHT="470" WIDTH="1033" VPOS="1267" HPOS="342">
          <TextLine ID="tl_13" BASELINE="1323" HEIGHT="63" WIDTH="985" VPOS="1260" HPOS="393">
            <String HEIGHT="63" WIDTH="148" VPOS="1260" HPOS="368" CONTENT="On" ID="tl_13_1" STYLEREFS="FONT0"/>
            <SP HEIGHT="63" WIDTH="25" VPOS="1260" HPOS="516"/>
            <String HEIGHT="63" WIDTH="123" VPOS="1260" HPOS="442" CONTENT="y" ID="tl_13_2" STYLEREFS="FONT0"/>
            <SP HEIGHT="63" WIDTH="25" VPOS="1260" HPOS="565"/>
            <String HEIGHT="63" WIDTH="197" VPOS="1260" HPOS="492" CONTENT="voit" ID="tl_13_3" STYLEREFS="FONT0"/>
            <SP HEIGHT="63" WIDTH="25" VPOS="1260" HPOS="689"/>
            <String HEIGHT="63" WIDTH="148" VPOS="1260" HPOS="615" CONTENT="un" ID="tl_13_4" STYLEREFS="FONT0"/>
            <SP HEIGHT="63" WIDTH="25" VPOS="1260" HPOS="762"/>
            <String HEIGHT="63" WIDTH="246" VPOS="1260" HPOS="689" CONTENT="Christ" ID="tl_13_5" STYLEREFS="FONT0"/>
            <SP HEIGHT="63" WIDTH="25" VPOS="1260" HPOS="935"/>
            <String HEIGHT="63" WIDTH="246" VPOS="1260" HPOS="861" CONTENT="étendu" ID="tl_13_6" STYLEREFS="FONT0"/>
            <SP HEIGHT="63" WIDTH="25" VPOS="1260" HPOS="1107"/>
            <String HEIGHT="63" WIDTH="172" VPOS="1260" HPOS="1033" CONTENT="sur" ID="tl_13_7" STYLEREFS="FONT0"/>
            <SP HEIGHT="63" WIDTH="25" VPOS="1260" HPOS="1206"/>
            <String HEIGHT="63" WIDTH="172" VPOS="1260" HPOS="1132" CONTENT="une" ID="tl_13_8" STYLEREFS="FONT0"/>
            <SP HEIGHT="63" WIDTH="25" VPOS="1260" HPOS="1304"/>
            <String HEIGHT="63" WIDTH="172" VPOS="1260" HPOS="1206" CONTENT="croix" ID="tl_13_9" STYLEREFS="FONT0"/>
          </TextLine>
          <TextLine ID="tl_14" BASELINE="1397" HEIGHT="77" WIDTH="1045" VPOS="1320" HPOS="335">
            <String HEIGHT="77" WIDTH="250" VPOS="1320" HPOS="312" CONTENT="plantée" ID="tl_14_1" STYLEREFS="FONT0"/>
            <SP HEIGHT="77" WIDTH="23" VPOS="1320" HPOS="562"/>
            <String HEIGHT="77" WIDTH="182" VPOS="1320" HPOS="494" CONTENT="dans" ID="tl_14_2" STYLEREFS="FONT0"/>
            <SP HEIGHT="77" WIDTH="23" VPOS="1320" HPOS="676"/>
            <String HEIGHT="77" WIDTH="159" VPOS="1320" HPOS="608" CONTENT="des" ID="tl_14_3" STYLEREFS="FONT0"/>
            <SP HEIGHT="77" WIDTH="23" VPOS="1320" HPOS="767"/>
            <String HEIGHT="77" WIDTH="273" VPOS="1320" HPOS="698" CONTENT="rochers," ID="tl_14_4" STYLEREFS="FONT0"/>
            <SP HEIGHT="77" WIDTH="23" VPOS="1320" HPOS="971"/>
            <String HEIGHT="77" WIDTH="136" VPOS="1320" HPOS="903" CONTENT="et" ID="tl_14_5" STYLEREFS="FONT0"/>
            <SP HEIGHT="77" WIDTH="23" VPOS="1320" HPOS="1039"/>
            <String HEIGHT="77" WIDTH="182" VPOS="1320" HPOS="971" CONTENT="dont" ID="tl_14_6" STYLEREFS="FONT0"/>
            <SP HEIGHT="77" WIDTH="23" VPOS="1320" HPOS="1153"/>
            <String HEIGHT="77" WIDTH="136" VPOS="1320" HPOS="1085" CONTENT="la" ID="tl_14_7" STYLEREFS="FONT0"/>
            <SP HEIGHT="77" WIDTH="23" VPOS="1320" HPOS="1221"/>
            <String HEIGHT="77" WIDTH="204" VPOS="1320" HPOS="1153" CONTENT="garde" ID="tl_14_8" STYLEREFS="FONT0"/>
            <SP HEIGHT="77" WIDTH="23" VPOS="1320" HPOS="1357"/>
            <String HEIGHT="77" WIDTH="114" VPOS="1320" HPOS="1266" CONTENT="est" ID="tl_14_9" STYLEREFS="FONT0"/>
          </TextLine>
          <TextLine ID="tl_15" BASELINE="1457" HEIGHT="61" WIDTH="1041" VPOS="1396" HPOS="338">
            <String HEIGHT="61" WIDTH="260" VPOS="1396" HPOS="314" CONTENT="confiée" ID="tl_15_1" STYLEREFS="FONT0"/>
            <SP HEIGHT="61" WIDTH="24" VPOS="1396" HPOS="575"/>
            <String HEIGHT="61" WIDTH="118" VPOS="1396" HPOS="504" CONTENT="à" ID="tl_15_2" STYLEREFS="FONT0"/>
            <SP HEIGHT="61" WIDTH="24" VPOS="1396" HPOS="622"/>
            <String HEIGHT="61" WIDTH="166" VPOS="1396" HPOS="551" CONTENT="des" ID="tl_15_3" STYLEREFS="FONT0"/>
            <SP HEIGHT="61" WIDTH="24" VPOS="1396" HPOS="717"/>
            <String HEIGHT="61" WIDTH="284" VPOS="1396" HPOS="646" CONTENT="soldats." ID="tl_15_4" STYLEREFS="FONT0"/>
            <SP HEIGHT="61" WIDTH="24" VPOS="1396" HPOS="929"/>
            <String HEIGHT="61" WIDTH="142" VPOS="1396" HPOS="859" CONTENT="Un" ID="tl_15_5" STYLEREFS="FONT0"/>
            <SP HEIGHT="61" WIDTH="24" VPOS="1396" HPOS="1000"/>
            <String HEIGHT="61" WIDTH="213" VPOS="1396" HPOS="929" CONTENT="moine" ID="tl_15_6" STYLEREFS="FONT0"/>
            <SP HEIGHT="61" WIDTH="24" VPOS="1396" HPOS="1142"/>
            <String HEIGHT="61" WIDTH="213" VPOS="1396" HPOS="1071" CONTENT="s’est" ID="tl_15_7" STYLEREFS="FONT0"/>
            <SP HEIGHT="61" WIDTH="24" VPOS="1396" HPOS="1284"/>
            <String HEIGHT="61" WIDTH="189" VPOS="1396" HPOS="1190" CONTENT="arrêté" ID="tl_15_8" STYLEREFS="FONT0"/>
          </TextLine>
          <TextLine ID="tl_16" BASELINE="1548" HEIGHT="95" WIDTH="1040" VPOS="1453" HPOS="338">
            <String HEIGHT="95" WIDTH="254" VPOS="1453" HPOS="313" CONTENT="devant" ID="tl_16_1" STYLEREFS="FONT0"/>
            <SP HEIGHT="95" WIDTH="25" VPOS="1453" HPOS="566"/>
            <String HEIGHT="95" WIDTH="152" VPOS="1453" HPOS="490" CONTENT="un" ID="tl_16_2" STYLEREFS="FONT0"/>
            <SP HEIGHT="95" WIDTH="25" VPOS="1453" HPOS="642"/>
            <String HEIGHT="95" WIDTH="279" VPOS="1453" HPOS="566" CONTENT="tombeau" ID="tl_16_3" STYLEREFS="FONT0"/>
            <SP HEIGHT="95" WIDTH="25" VPOS="1453" HPOS="845"/>
            <String HEIGHT="95" WIDTH="203" VPOS="1453" HPOS="769" CONTENT="pour" ID="tl_16_4" STYLEREFS="FONT0"/>
            <SP HEIGHT="95" WIDTH="25" VPOS="1453" HPOS="972"/>
            <String HEIGHT="95" WIDTH="355" VPOS="1453" HPOS="896" CONTENT="contempler" ID="tl_16_5" STYLEREFS="FONT0"/>
            <SP HEIGHT="95" WIDTH="25" VPOS="1453" HPOS="1251"/>
            <String HEIGHT="95" WIDTH="152" VPOS="1453" HPOS="1175" CONTENT="le" ID="tl_16_6" STYLEREFS="FONT0"/>
            <SP HEIGHT="95" WIDTH="25" VPOS="1453" HPOS="1327"/>
            <String HEIGHT="95" WIDTH="152" VPOS="1453" HPOS="1226" CONTENT="Sei" SUBS_TYPE="HypPart1" SUBS_CONTENT="Seigneur" ID="tl_16_7" STYLEREFS="FONT0"/>
            <HYP CONTENT="-"/>
          </TextLine>
          <TextLine ID="tl_17" BASELINE="1608" HEIGHT="82" WIDTH="1045" VPOS="1526" HPOS="336">
            <String HEIGHT="82" WIDTH="219" VPOS="1526" HPOS="312" CONTENT="gneur" SUBS_TYPE="HypPart2" SUBS_CONTENT="Seigneur" ID="tl_17_1" STYLEREFS="FONT0"/>
            <SP HEIGHT="82" WIDTH="24" VPOS="1526" HPOS="530"/>
            <String HEIGHT="82" WIDTH="267" VPOS="1526" HPOS="458" CONTENT="mourant" ID="tl_17_2" STYLEREFS="FONT0"/>
            <SP HEIGHT="82" WIDTH="24" VPOS="1526" HPOS="725"/>
            <String HEIGHT="82" WIDTH="194" VPOS="1526" HPOS="652" CONTENT="pour" ID="tl_17_3" STYLEREFS="FONT0"/>
            <SP HEIGHT="82" WIDTH="24" VPOS="1526" HPOS="846"/>
            <String HEIGHT="82" WIDTH="170" VPOS="1526" HPOS="773" CONTENT="nos" ID="tl_17_4" STYLEREFS="FONT0"/>
            <SP HEIGHT="82" WIDTH="24" VPOS="1526" HPOS="944"/>
            <String HEIGHT="82" WIDTH="267" VPOS="1526" HPOS="871" CONTENT="péchés." ID="tl_17_5" STYLEREFS="FONT0"/>
            <SP HEIGHT="82" WIDTH="24" VPOS="1526" HPOS="1138"/>
            <String HEIGHT="82" WIDTH="194" VPOS="1526" HPOS="1065" CONTENT="Sous" ID="tl_17_6" STYLEREFS="FONT0"/>
            <SP HEIGHT="82" WIDTH="24" VPOS="1526" HPOS="1259"/>
            <String HEIGHT="82" WIDTH="170" VPOS="1526" HPOS="1187" CONTENT="des" ID="tl_17_7" STYLEREFS="FONT0"/>
            <SP HEIGHT="82" WIDTH="24" VPOS="1526" HPOS="1357"/>
            <String HEIGHT="82" WIDTH="122" VPOS="1526" HPOS="1259" CONTENT="ar" SUBS_TYPE="HypPart1" SUBS_CONTENT="arcades" ID="tl_17_8" STYLEREFS="FONT0"/>
            <HYP CONTENT="-"/>
          </TextLine>
          <TextLine ID="tl_18" BASELINE="1690" HEIGHT="94" WIDTH="1042" VPOS="1596" HPOS="335">
            <String HEIGHT="94" WIDTH="208" VPOS="1596" HPOS="312" CONTENT="cades" SUBS_TYPE="HypPart2" SUBS_CONTENT="arcades" ID="tl_18_1" STYLEREFS="FONT0"/>
            <SP HEIGHT="94" WIDTH="23" VPOS="1596" HPOS="520"/>
            <String HEIGHT="94" WIDTH="116" VPOS="1596" HPOS="451" CONTENT="à" ID="tl_18_2" STYLEREFS="FONT0"/>
            <SP HEIGHT="94" WIDTH="23" VPOS="1596" HPOS="567"/>
            <String HEIGHT="94" WIDTH="232" VPOS="1596" HPOS="497" CONTENT="droite" ID="tl_18_3" STYLEREFS="FONT0"/>
            <SP HEIGHT="94" WIDTH="23" VPOS="1596" HPOS="729"/>
            <String HEIGHT="94" WIDTH="139" VPOS="1596" HPOS="659" CONTENT="on" ID="tl_18_4" STYLEREFS="FONT0"/>
            <SP HEIGHT="94" WIDTH="23" VPOS="1596" HPOS="798"/>
            <String HEIGHT="94" WIDTH="278" VPOS="1596" HPOS="729" CONTENT="remarque" ID="tl_18_5" STYLEREFS="FONT0"/>
            <SP HEIGHT="94" WIDTH="23" VPOS="1596" HPOS="1007"/>
            <String HEIGHT="94" WIDTH="370" VPOS="1596" HPOS="937" CONTENT="Jésus-Christ" ID="tl_18_6" STYLEREFS="FONT0"/>
            <SP HEIGHT="94" WIDTH="23" VPOS="1596" HPOS="1308"/>
            <String HEIGHT="94" WIDTH="162" VPOS="1596" HPOS="1215" CONTENT="porté" ID="tl_18_7" STYLEREFS="FONT0"/>
          </TextLine>
          <TextLine ID="tl_19" BASELINE="1752" HEIGHT="83" WIDTH="387" VPOS="1669" HPOS="336">
            <String HEIGHT="83" WIDTH="182" VPOS="1669" HPOS="313" CONTENT="dans" ID="tl_19_1" STYLEREFS="FONT0"/>
            <SP HEIGHT="83" WIDTH="23" VPOS="1669" HPOS="495"/>
            <String HEIGHT="83" WIDTH="137" VPOS="1669" HPOS="427" CONTENT="le" ID="tl_19_2" STYLEREFS="FONT0"/>
            <SP HEIGHT="83" WIDTH="23" VPOS="1669" HPOS="564"/>
            <String HEIGHT="83" WIDTH="250" VPOS="1669" HPOS="473" CONTENT="sépulcre." ID="tl_19_3" STYLEREFS="FONT0"/>
          </TextLine>
        </TextBlock>
        <TextBlock ID="r_2_1" HEIGHT="124" WIDTH="1080" VPOS="1954" HPOS="262">
          <TextLine ID="tl_20" BASELINE="2022" HEIGHT="79" WIDTH="1093" VPOS="1943" HPOS="256">
            <String HEIGHT="79" WIDTH="213" VPOS="1943" HPOS="229" CONTENT="BROC" ID="tl_20_1" STYLEREFS="FONT0"/>
            <SP HEIGHT="79" WIDTH="27" VPOS="1943" HPOS="443"/>
            <String HEIGHT="79" WIDTH="293" VPOS="1943" HPOS="363" CONTENT="(Jean)," ID="tl_20_2" STYLEREFS="FONT0"/>
            <SP HEIGHT="79" WIDTH="27" VPOS="1943" HPOS="656"/>
            <String HEIGHT="79" WIDTH="160" VPOS="1943" HPOS="576" CONTENT="né" ID="tl_20_3" STYLEREFS="FONT0"/>
            <SP HEIGHT="79" WIDTH="27" VPOS="1943" HPOS="736"/>
            <String HEIGHT="79" WIDTH="133" VPOS="1943" HPOS="656" CONTENT="à" ID="tl_20_4" STYLEREFS="FONT0"/>
            <SP HEIGHT="79" WIDTH="27" VPOS="1943" HPOS="789"/>
            <String HEIGHT="79" WIDTH="400" VPOS="1943" HPOS="709" CONTENT="Montigniac," ID="tl_20_5" STYLEREFS="FONT0"/>
            <SP HEIGHT="79" WIDTH="27" VPOS="1943" HPOS="1109"/>
            <String HEIGHT="79" WIDTH="347" VPOS="1943" HPOS="1002" CONTENT="département" ID="tl_20_6" STYLEREFS="FONT0"/>
          </TextLine>
          <TextLine ID="tl_21" BASELINE="2081" HEIGHT="81" WIDTH="384" VPOS="2000" HPOS="614">
            <String HEIGHT="81" WIDTH="154" VPOS="2000" HPOS="588" CONTENT="de" ID="tl_21_1" STYLEREFS="FONT0"/>
            <SP HEIGHT="81" WIDTH="26" VPOS="2000" HPOS="742"/>
            <String HEIGHT="81" WIDTH="154" VPOS="2000" HPOS="665" CONTENT="la" ID="tl_21_2" STYLEREFS="FONT0"/>
            <SP HEIGHT="81" WIDTH="26" VPOS="2000" HPOS="819"/>
            <String HEIGHT="81" WIDTH="282" VPOS="2000" HPOS="716" CONTENT="Dordogne." ID="tl_21_3" STYLEREFS="FONT0"/>
          </TextLine>
        </TextBlock>
        <TextBlock ID="r_2_2" HEIGHT="148" WIDTH="1106" VPOS="2157" HPOS="245">
          <TextLine ID="tl_22" BASELINE="2233" HEIGHT="94" WIDTH="1118" VPOS="2139" HPOS="239">
            <String HEIGHT="94" WIDTH="201" VPOS="2139" HPOS="210" CONTENT="12." ID="tl_22_1" STYLEREFS="FONT0"/>
            <SP HEIGHT="94" WIDTH="29" VPOS="2139" HPOS="411"/>
            <String HEIGHT="94" WIDTH="172" VPOS="2139" HPOS="325" CONTENT="La" ID="tl_22_2" STYLEREFS="FONT0"/>
            <SP HEIGHT="94" WIDTH="29" VPOS="2139" HPOS="497"/>
            <String HEIGHT="94" WIDTH="401" VPOS="2139" HPOS="411" CONTENT="magicienne" ID="tl_22_3" STYLEREFS="FONT0"/>
            <SP HEIGHT="94" WIDTH="29" VPOS="2139" HPOS="812"/>
            <String HEIGHT="94" WIDTH="373" VPOS="2139" HPOS="726" CONTENT="consultée" ID="tl_22_4" STYLEREFS="FONT0"/>
            <SP HEIGHT="94" WIDTH="29" VPOS="2139" HPOS="1099"/>
            <String HEIGHT="94" WIDTH="201" VPOS="2139" HPOS="1013" CONTENT="par" ID="tl_22_5" STYLEREFS="FONT0"/>
            <SP HEIGHT="94" WIDTH="29" VPOS="2139" HPOS="1214"/>
            <String HEIGHT="94" WIDTH="172" VPOS="2139" HPOS="1128" CONTENT="de" ID="tl_22_6" STYLEREFS="FONT0"/>
            <SP HEIGHT="94" WIDTH="29" VPOS="2139" HPOS="1300"/>
            <String HEIGHT="94" WIDTH="172" VPOS="2139" HPOS="1185" CONTENT="jeu" SUBS_TYPE="HypPart1" SUBS_CONTENT="jeunes" ID="tl_22_7" STYLEREFS="FONT0"/>
            <HYP CONTENT="-"/>
          </TextLine>
          <TextLine ID="tl_23" BASELINE="2314" HEIGHT="93" WIDTH="593" VPOS="2221" HPOS="298">
            <String HEIGHT="93" WIDTH="173" VPOS="2221" HPOS="273" CONTENT="nes" SUBS_TYPE="HypPart2" SUBS_CONTENT="jeunes" ID="tl_23_1" STYLEREFS="FONT0"/>
            <SP HEIGHT="93" WIDTH="25" VPOS="2221" HPOS="446"/>
            <String HEIGHT="93" WIDTH="272" VPOS="2221" HPOS="372" CONTENT="filles." ID="tl_23_2" STYLEREFS="FONT0"/>
            <SP HEIGHT="93" WIDTH="25" VPOS="2221" HPOS="644"/>
            <String HEIGHT="93" WIDTH="222" VPOS="2221" HPOS="570" CONTENT="Sujet" ID="tl_23_3" STYLEREFS="FONT0"/>
            <SP HEIGHT="93" WIDTH="25" VPOS="2221" HPOS="792"/>
            <String HEIGHT="93" WIDTH="198" VPOS="2221" HPOS="693" CONTENT="idéal." ID="tl_23_4" STYLEREFS="FONT0"/>
          </TextLine>
        </TextBlock>
        <GraphicalElement ID="r_3" HEIGHT="10" WIDTH="181" VPOS="42" HPOS="1319"/>
        <GraphicalElement ID="r_4" HEIGHT="17" WIDTH="918" VPOS="45" HPOS="401"/>
        <GraphicalElement ID="r_5" HEIGHT="6" WIDTH="190" VPOS="1849" HPOS="707"/>
        <GraphicalElement ID="r_6" HEIGHT="754" WIDTH="22" VPOS="1874" HPOS="7"/>
        <GraphicalElement ID="r_7" HEIGHT="1269" WIDTH="40" VPOS="165" HPOS="9"/>
        <GraphicalElement ID="r_8" HEIGHT="237" WIDTH="15" VPOS="1434" HPOS="16"/>
        <GraphicalElement ID="r_9" HEIGHT="829" WIDTH="21" VPOS="1030" HPOS="34"/>
        <GraphicalElement ID="r_10" HEIGHT="1119" WIDTH="19" VPOS="1350" HPOS="1541"/>
        <GraphicalElement ID="r_11" HEIGHT="1234" WIDTH="22" VPOS="116" HPOS="1553"/>
      </PrintSpace>
    </Page>
  </Layout>
</alto>
