1581 2697
624 213 153 124 (
686 213 184 124 13
747 213 92 124 )

361 351 227 124 CHÉRY
512 351 379 124 (Philippe),
815 351 151 124 né
891 351 126 124 à
916 351 202 124 Paris.

155 477 228 88 15.
286 477 293 88 David
481 477 326 88 jouant
709 477 195 88 de
807 477 195 88 la
905 477 293 88 harpe
1067 477 261 88 devant

186 560 209 93 Saul.

325 675 205 72 Saul,
462 675 251 72 premier
645 675 160 72 roi
736 675 297 72 d’Israël,
964 675 205 72 ayant
1101 675 251 72 désobéi
1261 675 68 72 à

267 752 218 67 Dieu,
412 752 169 67 fut
509 752 242 67 obligé
678 752 145 67 de
751 752 290 67 renoncer
968 752 121 67 à
1017 752 145 67 la
1065 752 266 67 couronne,

269 821 158 70 qui
360 821 158 70 fut
450 821 226 70 donnée
609 821 113 70 à
654 821 226 70 David,
812 821 226 70 simple
970 821 249 70 berger,
1151 821 136 70 le
1196 821 136 70 plus

265 875 209 81 jeune
404 875 162 81 des
497 875 186 81 fils
613 875 278 81 d’Isaïe,
822 875 139 81 et
891 875 186 81 qui,
1007 875 255 81 quoique
1170 875 162 81 roux,

272 960 199 62 avoit
404 960 132 62 le
471 960 221 62 visage
625 960 177 62 fort
735 960 177 62 beau
846 960 132 62 et
912 960 132 62 un
978 960 199 62 noble
1088 960 243 62 maintien.

272 1018 314 74 Cependant
513 1018 217 74 Saul,
658 1018 314 74 abandonné
900 1018 145 74 de
973 1018 338 74 l’Eternel,
1214 1018 121 74 fut

274 1081 195 93 saisi
404 1081 130 93 de
469 1081 260 93 l’esprit
664 1081 216 93 malin,
815 1081 151 93 qui
902 1081 281 93 l’agitoit
1118 1081 130 93 de
1161 1081 173 93 fureur

274 1151 138 79 et
343 1151 138 79 le
412 1151 346 79 tourmentoit
689 1151 369 79 cruellement.
989 1151 185 79 Pour
1104 1151 138 79 le
1150 1151 185 79 soula-

273 1227 161 76 ger
365 1227 184 76 dans
480 1227 161 76 ses
573 1227 207 76 maux,
711 1227 161 76 ses
803 1227 300 76 officiers
1033 1227 161 76 lui
1103 1227 230 76 conseil-

273 1287 231 84 lèrent
435 1287 139 84 de
504 1287 208 84 faire
643 1287 208 84 venir
781 1287 185 84 près
897 1287 139 84 de
966 1287 162 84 lui
1059 1287 139 84 le
1105 1287 231 84 meilleur

272 1361 232 84 joueur
434 1361 139 84 de
504 1361 232 84 harpe.
666 1361 232 84 David,
828 1361 162 84 qui
921 1361 301 84 excelloit
1153 1361 162 84 sur
1222 1361 116 84 cet

274 1424 378 87 instrument,
576 1424 177 87 fut
677 1424 252 87 chargé
854 1424 151 87 de
929 1424 177 87 cet
1030 1424 277 87 emploi;
1207 1424 126 87 et,

277 1505 221 72 toutes
432 1505 155 72 les
520 1505 177 72 fois
631 1505 155 72 que
720 1505 133 72 le
786 1505 199 72 malin
919 1505 221 72 esprit
1052 1505 288 72 tourmentoit

278 1568 207 67 Saul,
416 1568 207 67 David
554 1568 230 67 savoit
716 1568 230 67 calmer
877 1568 138 67 la
946 1568 230 67 fureur
1108 1568 138 67 du
1154 1568 184 67 prince

277 1651 165 68 par
372 1651 141 68 sa
442 1651 212 68 douce
584 1651 306 68 harmonie.
820 1651 141 68 Le
890 1651 189 68 roi,
1008 1651 236 68 charmé
1173 1651 141 68 de
1220 1651 118 68 ses

58 1705 301 81 talents,
284 1705 151 81 le
359 1705 176 81 fit
459 1705 176 81 son
560 1705 276 81 écuyer,
761 1705 151 81 et
836 1705 251 81 voulut
1012 1705 276 81 l’avoir
1187 1705 151 81 tou

280 1779 191 79 jours
407 1779 106 79 à
450 1779 127 79 sa
492 1779 170 79 suite.

202 1962 253 82 COUDER
379 1962 708 82 (Louis-Charles-Auguste),
1011 1962 152 82 né
1086 1962 126 82 à
1112 1962 202 82 Paris.

179 2044 207 141 16.
298 2044 178 141 Le
387 2044 296 141 Lévite
565 2044 356 141 d’Ephraïm.

342 2179 134 89 Un
409 2179 223 89 lévite
564 2179 134 89 de
631 2179 134 89 la
698 2179 200 89 tribu
831 2179 134 89 de
898 2179 178 89 Juda
1009 2179 245 89 s’étoit
1187 2179 156 89 uni
1254 2179 89 89 en

287 2241 241 102 secret
455 2241 193 102 avec
576 2241 168 102 une
672 2241 217 102 jeune
816 2241 217 102 fille
961 2241 144 102 de
1033 2241 313 102 Bethléem,
1250 2241 96 102 au

1046 2336 117 67 2
