1590 2742
668 260 183 101 (
705 260 183 101 16)

362 341 230 85 Sully,
523 341 254 85 accablé
708 341 207 85 d’une
846 341 254 85 extrême
1030 341 346 85 vieillesse,
1284 341 92 85 et

305 433 268 73 sentant
500 433 146 73 sa
573 433 171 73 fin
671 433 342 73 prochaine,
939 433 244 73 vient,
1085 433 293 73 aceompagné

308 497 171 65 d’un
415 497 128 65 de
479 497 150 65 ses
564 497 343 65 petits-fils,
843 497 235 65 visiter
1014 497 128 65 ce
1078 497 171 65 cœur
1164 497 214 65 généreux

309 572 178 60 dans
420 572 222 60 lequel
576 572 133 60 il
642 572 200 60 avoit
776 572 222 60 occupé
931 572 156 60 une
1020 572 133 60 si
1087 572 200 60 belle
1198 572 178 60 place.

198 847 236 74 DAVID
355 847 525 74 (Jacques-Louis),
802 847 158 74 né
881 847 131 74 à
933 847 263 74 Paris,
1117 847 158 74 de
1196 847 158 74 la
1249 847 131 74 ci-

251 924 269 79 devant
439 924 350 79 Académie,
708 924 161 79 et
789 924 323 79 officier
1031 924 161 79 de
1112 924 161 79 la
1166 924 215 79 Légion

226 992 328 80 d’Honneur.

211 1128 206 118 18.
328 1128 177 118 Le
417 1128 324 118 serment
653 1128 206 118 des
741 1128 295 118 Horaces.

367 1242 143 98 La
439 1242 238 98 guerre
605 1242 214 98 étant
747 1242 285 98 déclarée
961 1242 214 98 entre
1104 1242 166 98 les
1175 1242 214 98 Romains

316 1354 143 67 et
388 1354 167 67 les
483 1354 286 67 Albains,
697 1354 143 67 le
769 1354 262 67 général
959 1354 238 67 d’Albe
1126 1354 262 67 proposa
1293 1354 95 67 au

319 1412 159 59 roi
410 1412 137 59 de
479 1412 182 59 Rome
592 1412 137 59 de
661 1412 273 59 remettre
866 1412 137 59 la
934 1412 273 59 destinée
1139 1412 137 59 de
1207 1412 182 59 l’un
1298 1412 91 59 et

317 1494 140 53 de
387 1494 256 53 l’autre
573 1494 233 53 peuple
736 1494 117 53 à
783 1494 210 53 trois
923 1494 350 53 combattants
1203 1494 140 53 de
1249 1494 140 53 cha-

320 1544 163 73 que
413 1544 256 73 nation.
599 1544 140 73 La
669 1544 350 73 proposition
949 1544 163 73 est
1042 1544 303 73 acceptée:
1252 1544 140 73 Rome

319 1612 274 63 choisit
519 1612 175 63 les
618 1612 274 63 Horaces
818 1612 199 63 pour
942 1612 175 63 ses
1042 1612 349 63 champions,
1291 1612 100 63 et

320 1675 182 91 Albe
434 1675 251 91 choisit
616 1675 159 91 les
708 1675 296 91 Curiaces.
935 1675 137 91 On
1004 1675 182 91 sait
1118 1675 159 91 que
1209 1675 159 91 les
1277 1675 114 91 Ro-

322 1752 205 67 mains
459 1752 365 67 triomphèrent
755 1752 159 67 par
846 1752 137 67 le
915 1752 251 67 courage
1097 1752 137 67 et
1142 1752 251 67 l’adresse

321 1817 146 64 du
394 1817 268 64 dernier
589 1817 171 64 des
687 1817 293 64 Horaces.
906 1817 268 64 Honorés
1101 1817 146 64 du
1174 1817 220 64 choix
1296 1817 98 64 de

321 1892 225 71 leurs
471 1892 399 71 concitoyens,
795 1892 274 71 ceux-ci
995 1892 299 71 devoient
1194 1892 200 71 encore

321 1957 262 62 obtenir
511 1957 143 62 le
583 1957 381 62 consentement
892 1957 143 62 de
963 1957 190 62 leur
1059 1957 166 62 père.

378 2026 142 67 Le
449 2026 260 67 peintre
638 2026 118 67 a
685 2026 330 67 représenté
945 2026 165 67 les
1039 2026 260 67 Horaces
1228 2026 142 67 au
1275 2026 118 67 mo-

328 2090 194 83 ment
449 2090 145 83 où
522 2090 170 83 ils
619 2090 170 83 ont
715 2090 267 83 demandé
909 2090 121 83 à
958 2090 194 83 leur
1079 2090 194 83 père
1200 2090 145 83 la
1249 2090 145 83 per-

327 2166 255 62 mission
512 2166 139 62 de
582 2166 324 62 combattre.
836 2166 301 62 Celui-ci,
1068 2166 324 62 transporté
1299 2166 93 62 de

328 2235 200 75 joie,
461 2235 156 75 les
550 2235 245 75 exhorte
728 2235 111 75 à
772 2235 133 75 se
839 2235 222 75 rendre
995 2235 222 75 dignes
1150 2235 178 75 d’un
1239 2235 156 75 aussi

328 2310 204 92 grand
464 2310 272 92 honneur:
669 2310 136 92 il
737 2310 159 92 les
828 2310 182 92 fait
941 2310 204 92 jurer
1077 2310 136 92 de
1145 2310 250 92 vaincre
1304 2310 91 92 ou
