1551 2703
589 225 153 104 (
650 225 183 104 17
711 225 92 104 )

222 307 133 100 de
288 307 221 100 mourir
443 307 133 100 en
510 307 243 100 élevant
687 307 133 100 au
753 307 177 100 ciel
864 307 199 100 leurs
996 307 221 100 armes,
1129 307 155 100 qu’il

225 399 173 78 prie
334 399 151 78 les
420 399 195 78 dieux
550 399 130 78 de
615 399 216 78 rendre
766 399 303 78 favorables
1004 399 108 78 à
1047 399 130 78 la
1090 399 195 78 liberté

222 480 136 64 de
290 480 158 64 son
381 480 203 64 pays.
516 480 158 64 Ils
606 480 248 64 jurent,
787 480 226 64 tandis
945 480 158 64 que
1036 480 158 64 les
1103 480 181 64 femmes

226 539 180 62 sont
338 539 270 62 plongées
541 539 180 62 dans
653 539 383 62 l’affliction.
968 539 248 62 Sabine,
1126 539 158 62 femme

225 613 141 59 de
296 613 235 59 l’aîné
461 613 165 59 des
555 613 282 59 Horaces,
767 613 141 59 et
837 613 188 59 sœur
955 613 165 59 des
1025 613 259 59 Curiaces,

224 659 231 96 semble
386 659 254 96 prévoir
570 659 139 96 la
640 659 208 96 perte
778 659 139 96 de
847 659 162 96 son
940 659 185 96 mari
1055 659 139 96 ou
1124 659 139 96 de
1171 659 115 96 ses

221 739 266 69 frères;
414 739 290 69 Camille,
631 739 266 69 appuyée
824 739 169 69 sur
921 739 145 69 sa
969 739 314 69 belle

221 811 272 66 tremble
419 811 247 66 d’être
592 811 247 66 privée
765 811 173 66 par
864 811 148 66 ce
938 811 247 66 combat
1111 811 148 66 de
1160 811 124 66 son

221 886 218 69 amant
366 886 266 69 Curiace
560 886 145 69 ou
632 886 145 69 de
705 886 169 69 ses
802 886 266 69 frères;
995 886 145 69 la
1068 886 194 69 mère
1165 886 121 69 des

225 937 255 86 Horaces,
416 937 149 86 qui
501 937 170 86 voit
607 937 127 86 le
671 937 212 86 danger
820 937 127 86 de
883 937 149 86 ses
968 937 191 86 fils,
1075 937 212 86 s’atten-

222 1014 170 63 drit
328 1014 149 63 sur
413 1014 127 63 le
477 1014 170 63 sort
583 1014 149 63 des
668 1014 212 63 jeunes
817 1014 234 63 enfants
987 1014 127 63 de
1050 1014 212 63 l’ainé
1178 1014 106 63 des

222 1082 285 72 Horaces,
436 1082 261 72 qu’elle
626 1082 285 72 embrasse
839 1082 190 72 avec
934 1082 285 72 tendresse.

168 1167 209 68 NOTA.
307 1167 139 68 On
377 1167 256 68 trouve,
563 1167 163 68 rue
656 1167 139 68 de
725 1167 139 68 la
795 1167 279 68 Poterie,
1004 1167 139 68 n°
1074 1167 139 68 2,
1120 1167 163 68 l’es-

117 1235 214 82 tampe
260 1235 143 82 de
331 1235 143 82 ce
402 1235 285 82 tableau,
616 1235 238 82 gravée
782 1235 190 82 sous
901 1235 143 82 la
972 1235 309 82 direction
1186 1235 95 82 du

119 1292 280 93 peintre,
328 1292 163 93 par
422 1292 140 93 M.
492 1292 233 93 Morel,
655 1292 233 93 auteur
818 1292 140 93 de
888 1292 140 93 la
958 1292 210 93 belle
1074 1292 210 93 estampe

119 1374 137 78 du
188 1374 319 78 Bélisaire,
438 1374 250 78 d’après
620 1374 137 78 le
688 1374 182 78 même
779 1374 205 78 maître.

119 1500 218 113 19.
243 1500 218 113 Les
337 1500 435 113 Thermopyles.

277 1627 252 94 Xercès,
460 1627 206 94 enffé
597 1627 297 94 d’orgueil
826 1627 252 94 d’avoir
1009 1627 229 94 soumis
1147 1627 137 94 l’E-

223 1717 236 69 gypte,
389 1717 260 69 résolut
577 1717 142 69 de
648 1717 212 69 faire
790 1717 142 69 la
860 1717 236 69 guerre
1026 1717 165 69 aux
1096 1717 189 69 Grecs.

225 1782 245 67 Ayant
388 1782 354 67 rassemblé
660 1782 190 67 une
769 1782 245 67 armée
905 1782 381 67 innombrable,

226 1846 139 77 il
295 1846 254 77 dirigea
480 1846 139 77 sa
549 1846 231 77 marche
711 1846 185 77 vers
826 1846 254 77 Sardes,
1011 1846 185 77 d’où
1126 1846 139 77 il
1173 1846 115 77 en-

225 1918 170 76 voya
331 1918 148 76 des
416 1918 233 76 hérauts
585 1918 106 76 à
628 1918 212 76 toutes
776 1918 148 76 les
861 1918 212 76 villes
1009 1918 127 76 de
1073 1918 127 76 la
1115 1918 170 76 Grèce,

224 1983 292 67 excepté
437 1983 133 67 à
490 1983 292 67 Athènes
703 1983 159 67 et
782 1983 133 67 à
835 1983 398 67 Lacédémone,
1128 1983 159 67 pour

229 2064 270 67 demander
431 2064 135 67 le
499 2064 158 67 feu
589 2064 135 67 et
656 2064 225 67 l’eau,
814 2064 135 67 ce
881 2064 158 67 qui
971 2064 203 67 étoit
1106 2064 135 67 la
1151 2064 135 67 mar-

223 2124 173 71 que
322 2124 148 71 de
396 2124 371 71 soumission;
693 2124 148 71 il
767 2124 247 71 arriva
941 2124 173 71 aux
1015 2124 272 71 Thermopy-

226 2195 189 73 les.
344 2195 165 73 Les
439 2195 401 73 Lacédémoniens
769 2195 141 73 et
839 2195 165 73 les
933 2195 330 73 Athéniens,
1169 2195 118 73 in-

223 2257 273 90 struits
422 2257 174 90 des
521 2257 347 90 mouvements
794 2257 149 90 de
868 2257 273 90 l’armée
1042 2257 248 90 ennemie,
