1578 2697
213 329 302 90 sacrifice,
451 329 130 90 va
516 329 130 90 se
580 329 237 90 couvrir
753 329 130 90 de
818 329 151 90 son
904 329 237 90 casque;
1077 329 151 90 les
1142 329 130 90 yeux

212 430 243 55 tournés
389 430 177 55 vers
499 430 155 55 son
588 430 265 55 général,
787 430 133 55 il
853 430 221 55 attend
1008 430 155 55 ses
1074 430 199 55 ordres.

263 491 198 61 Près
387 491 148 61 de
461 491 198 61 lui,
584 491 198 61 deux
708 491 247 61 jeunes
881 491 222 61 gens,
1029 491 148 61 au
1103 491 173 61 son
1177 491 99 61 de

210 549 139 82 la
279 549 301 82 trompette
511 549 324 82 guerrière,
766 549 255 82 courent
951 549 139 82 et
997 549 278 82 saisissent

206 618 253 82 leurs
375 618 253 82 armes
544 618 394 82 suspendues
854 618 141 82 à
910 618 197 82 des
994 618 282 82 branches

190 694 254 70 d’arbres.

267 752 197 77 Plus
391 752 222 77 loin,
539 752 148 77 un
612 752 173 77 des
711 752 247 77 chefs,
884 752 247 77 dévoué
1056 752 148 77 au
1105 752 173 77 culte

212 840 307 79 d’Hercule
449 840 189 79 dont
567 840 142 79 il
638 840 213 79 porte
780 840 165 79 les
874 840 213 79 armes
1016 840 142 79 et
1087 840 142 79 le
1134 840 142 79 cos-

212 918 218 53 tume,
357 918 340 53 s’empresse
624 918 146 53 de
697 918 243 53 ranger
867 918 146 53 sa
939 918 243 53 troupe
1109 918 146 53 en
1158 918 121 53 ba-

215 965 266 64 taille;
408 965 145 64 le
481 965 387 64 grand-prêtre
796 965 145 64 le
868 965 218 64 suit,
1014 965 145 64 il
1062 965 218 64 invoque

214 1036 279 73 Hercule
416 1036 203 73 pour
543 1036 152 73 le
619 1036 253 73 succès
797 1036 152 73 de
873 1036 228 73 leurs
1025 1036 253 73 armes:
1177 1036 101 73 du

216 1109 195 71 doigt
347 1109 130 71 il
412 1109 217 71 montre
564 1109 130 71 le
607 1109 152 71 ciel.

270 1167 161 84 Sur
362 1167 138 84 un
431 1167 184 84 plan
546 1167 184 84 plus
661 1167 253 84 reculé,
845 1167 253 84 l’armée
1029 1167 253 84 défile,
1190 1167 92 84 et

216 1245 139 71 va
285 1245 139 71 se
355 1245 232 71 placer
517 1245 185 71 dans
633 1245 139 71 un
702 1245 301 71 bas-fonds
934 1245 185 71 pour
1026 1245 255 71 s’opposer

217 1317 124 62 à
267 1317 223 62 celle
415 1317 173 62 des
514 1317 272 62 Perses,
712 1317 223 62 qu’on
860 1317 297 62 aperçoit
1083 1317 198 62 dans
1182 1317 99 62 le

221 1372 263 86 lointain
418 1372 154 86 sur
506 1372 132 86 la
572 1372 263 86 muraille
769 1372 154 86 qui
857 1372 197 86 ferme
989 1372 132 86 le
1033 1372 219 86 détroit.

269 1448 202 91 Deux
395 1448 253 91 jeunes
572 1448 202 91 gens
699 1448 152 91 de
775 1448 304 91 dix-sept
1003 1448 127 91 à
1028 1448 253 91 dix

220 1518 202 76 ans,
346 1518 202 76 que,
472 1518 177 76 par
573 1518 278 76 intérêt
775 1518 202 76 pour
901 1518 202 76 leur
1028 1518 202 76 âge,
1154 1518 151 76 et
1204 1518 76 76 à

220 1579 207 81 cause
358 1579 161 81 des
450 1579 207 81 liens
589 1579 138 81 du
658 1579 207 81 sang,
796 1579 277 81 Léonidas
1003 1579 207 81 avoit
1119 1579 161 81 voulu

222 1646 296 67 éloigner
444 1646 148 67 du
518 1646 271 67 combat,
715 1646 197 67 sous
838 1646 148 67 le
912 1646 296 67 prétexte
1110 1646 173 67 d’une

222 1732 355 53 commission
500 1732 279 53 secrête
703 1732 203 53 pour
830 1732 177 53 les
931 1732 355 53 magistrats
1185 1732 101 53 de

223 1792 361 64 Lacédémone,
512 1792 169 64 ont
608 1792 265 64 pénêtré
801 1792 361 64 l’intention
1090 1792 145 64 de
1138 1792 145 64 leur

224 1862 270 75 général;
426 1862 158 75 ils
516 1862 158 75 lui
606 1862 180 75 font
719 1862 203 75 cette
854 1862 248 75 réponse
1011 1862 270 75 énergique:

218 1934 219 73 Nous
354 1934 164 73 ne
436 1934 273 73 sommes
627 1934 191 73 pas
737 1934 191 73 ici
846 1934 219 73 pour
983 1934 273 73 porter
1146 1934 137 73 des

224 1994 277 78 ordres,
425 1994 201 78 mais
551 1994 201 78 pour
676 1994 352 78 combattre;
953 1994 176 78 et,
1054 1994 201 78 sans
1154 1994 126 78 at-

225 2071 246 68 tendre
398 2071 148 68 sa
472 2071 296 68 réponse,
694 2071 345 68 impatients
965 2071 148 68 de
1039 2071 148 68 se
1088 2071 197 68 placer

227 2134 183 62 dans
342 2134 160 62 les
433 2134 229 62 rangs,
594 2134 183 62 l’un
708 2134 137 62 se
777 2134 183 62 hâte
892 2134 137 62 de
960 2134 298 62 rattacher
1166 2134 115 62 son

227 2196 312 65 cothurne,
467 2196 264 65 l’autre
659 2196 216 65 court
802 2196 312 65 embrasser
1042 2196 168 65 son
1114 2196 168 65 vieux

231 2265 173 96 père
340 2265 152 96 qui
426 2265 152 96 lui
513 2265 173 96 fait
622 2265 152 96 ses
708 2265 260 96 derniers
882 2265 195 96 adieux.
