1602 2721
736 257 153 108 (
798 257 184 108 22
859 257 92 108 )

360 369 210 68 jours
500 369 350 68 l’avantage,
779 369 210 68 quand
919 369 350 68 tout-à-coup
1176 369 256 68 Hersilie,

360 436 229 65 femme
512 436 153 65 de
589 436 306 65 Romulus,
818 436 153 65 et
895 436 204 65 avec
1022 436 204 65 elle
1150 436 178 65 les
1226 436 204 65 autres

364 498 267 65 Sabines
558 498 194 65 dont
679 498 388 65 l’enlèvement
995 498 219 65 avoit
1141 498 219 65 causé
1262 498 170 65 cette

361 572 256 70 guerre,
547 572 163 70 les
640 572 256 70 cheveux
826 572 233 70 épars,
989 572 140 70 et
1059 572 209 70 leurs
1175 572 256 70 vêtements

359 654 140 51 en
429 654 302 51 désordre,
661 654 279 51 oubliant
871 654 140 51 la
940 654 279 51 timidité
1150 654 302 51 naturelle
1359 654 70 51 à

357 705 191 65 leur
476 705 215 65 sexe,
620 705 191 65 tout
739 705 191 65 hors
858 705 430 65 d’elles-mêmes,
1216 705 143 65 et
1264 705 167 65 pous-

357 788 187 55 sant
473 788 163 55 des
567 788 187 55 cris
683 788 373 55 lamentables,
987 788 140 55 se
1057 788 257 55 jettent
1243 788 117 55 à
1267 788 163 55 corps

355 859 214 59 perdu
498 859 119 59 à
546 859 262 59 travers
736 859 167 59 les
832 859 238 59 lances
998 859 143 59 et
1070 859 167 59 les
1165 859 262 59 glaives
1332 859 95 59 de

351 917 221 72 leurs
499 917 221 72 maris
646 917 147 72 et
719 917 147 72 de
793 917 221 72 leurs
940 917 221 72 pères
1087 917 294 72 acharnés
1283 917 147 72 l’un

351 986 219 70 contre
505 986 263 70 l’autre,
702 986 132 70 et
768 986 329 70 s’efforcent
1031 986 285 70 d’arrêter
1229 986 197 70 l’effu-

341 1064 190 77 sion
460 1064 142 77 du
531 1064 190 77 sang
649 1064 190 77 prêt
768 1064 119 77 à
815 1064 237 77 couler
958 1064 213 77 encore.

402 1119 267 88 Romulus
596 1119 146 88 va
669 1119 243 88 lancer
839 1119 170 88 son
937 1119 267 88 javelot
1131 1119 170 88 sur
1204 1119 219 88 Tatius,

351 1206 179 60 qui,
462 1206 112 60 à
507 1206 179 60 demi
619 1206 268 60 incliné,
820 1206 134 60 le
887 1206 224 60 regard
1044 1206 179 60 fixé
1156 1206 157 60 sur
1245 1206 157 60 son
1312 1206 112 60 ad-

347 1255 311 80 versaire,
587 1255 240 80 attend
754 1255 144 80 le
826 1255 192 80 coup
946 1255 144 80 du
1018 1255 192 80 fils
1138 1255 144 80 de
1209 1255 216 80 Mars,
1329 1255 96 80 et

349 1326 172 77 épie
456 1326 279 77 l’instant
670 1326 129 77 où
735 1326 129 77 il
799 1326 214 77 pourra
949 1326 257 77 riposter
1142 1326 172 77 avec
1228 1326 193 77 succès.

346 1401 187 60 Mais
463 1401 304 60 Hersilie,
697 1401 351 60 suppliante,
977 1401 140 60 se
1048 1401 304 60 précipite
1258 1401 164 60 entre

342 1468 161 63 les
434 1468 184 63 deux
549 1468 368 63 combattants,
848 1468 138 63 et
916 1468 253 63 cherche
1100 1468 115 63 à
1146 1468 253 63 arrêter
1307 1468 115 63 les

345 1551 211 62 coups
485 1551 187 62 près
602 1551 140 62 de
672 1551 234 62 partir
836 1551 140 62 de
906 1551 211 62 leurs
1047 1551 234 62 mains;
1210 1551 164 62 ses
1281 1551 140 62 lar-

345 1612 163 71 mes
438 1612 140 71 et
508 1612 163 71 ses
602 1612 257 71 prières
788 1612 350 71 s’adressent
1069 1612 280 71 sur-tout
1279 1612 117 71 à
1302 1612 117 71 son

344 1679 234 68 époux.
507 1679 187 68 Plus
624 1679 210 68 loin,
764 1679 163 68 une
857 1679 187 68 mère
974 1679 304 68 échevelée
1184 1679 234 68 s’élance

343 1751 164 61 sur
436 1751 141 61 un
507 1751 234 61 débris
671 1751 445 61 d’architecture;
1046 1751 258 61 aveugle
1233 1751 188 61 dans
1327 1751 94 61 sa

340 1822 301 65 douleur,
565 1822 200 65 elle
691 1822 200 65 lève
816 1822 175 65 son
916 1822 276 65 enfant,
1116 1822 250 65 encore
1292 1822 125 65 à
1317 1822 100 65 la

340 1885 287 61 mamelle,
556 1885 144 61 au
628 1885 240 61 milieu
795 1885 168 61 des
891 1885 287 61 javelots
1107 1885 144 61 en
1178 1885 240 61 arrêt,
1322 1885 96 61 et

339 1957 269 64 l’expose
540 1957 201 64 ainsi
674 1957 112 64 à
719 1957 134 64 la
786 1957 224 64 fureur
943 1957 157 64 des
1032 1957 269 64 soldats.
1234 1957 157 64 Son
1301 1957 112 64 cri

341 2023 157 68 est
430 2023 201 68 celui
564 2023 134 68 du
632 2023 313 68 désespoir.
878 2023 157 68 Une
967 2023 201 68 belle
1102 2023 246 68 Sabine,
1281 2023 112 68 à
1303 2023 112 68 ge-

339 2096 214 72 noux,
482 2096 167 72 les
577 2096 262 72 cheveux
768 2096 238 72 épars,
935 2096 238 72 livrée
1101 2096 119 72 à
1149 2096 143 72 la
1197 2096 214 72 douleur

340 2156 143 74 la
412 2156 190 74 plus
531 2156 309 74 profonde,
769 2156 214 74 s’est
911 2156 262 74 élancée
1102 2156 143 74 au
1173 2156 238 74 milieu
1316 2156 95 74 de

344 2226 149 68 la
419 2226 248 68 mélée,
592 2226 199 68 elle
717 2226 124 68 a
766 2226 248 68 déposé
940 2226 174 68 aux
1039 2226 223 68 pieds
1188 2226 174 68 des
1263 2226 124 68 com

343 2305 292 80 battants
562 2305 170 80 ses
659 2305 219 80 trois
805 2305 292 80 enfants.
1024 2305 170 80 Une
1097 2305 316 80 grand’mère,
