1557 2679
554 144 153 114 (
616 144 184 114 27
677 144 92 114 )

134 252 253 97 DUNOUI
311 252 658 97 (Alexandre-Hyacinthe),
892 252 152 97 né
968 252 126 97 à
994 252 202 97 Paris.

84 390 204 95 25.
200 390 204 95 Vue
317 390 175 95 de
404 390 320 95 Naples,
637 390 262 95 prise
812 390 291 95 auprès
1016 390 175 95 de
1074 390 175 95 Capo

144 466 185 96 di
206 466 246 96 Monte.

244 571 148 77 Un
318 571 345 77 zampognaro
589 571 197 77 joue
712 571 148 77 de
786 571 172 77 son
885 571 345 77 instrument
1131 571 123 77 de-

193 657 189 65 vant
312 657 165 65 une
406 657 307 65 chapelle.
642 657 165 65 Des
737 657 331 65 villageois
973 657 284 65 s’arrêtent

193 709 193 95 pour
314 709 217 95 faire
459 709 193 95 leur
579 709 266 95 prière.
773 709 193 95 Dans
894 709 145 95 le
966 709 290 95 lointain
1159 709 97 95 on

194 794 181 69 voit
307 794 135 69 le
375 794 181 69 Mont
488 794 226 69 Vésuve
646 794 181 69 d’où
759 794 248 69 sortent
939 794 158 69 des
1029 794 226 69 nuages
1165 794 90 69 de

161 854 220 79 fumée.

220 1045 344 106 DUPERREUX
484 1045 397 106 (A.-L.-R.),
802 1045 159 106 né
881 1045 132 106 à
907 1045 212 106 Paris.

86 1170 195 60 26.
197 1170 195 60 Vue
309 1170 167 60 du
392 1170 278 60 rocher
587 1170 167 60 de
671 1170 417 60 l’Aiguille,
977 1170 278 60 première

144 1218 281 102 porte
331 1218 187 102 de
424 1218 343 102 clôture
674 1218 187 102 de
767 1218 187 102 la
861 1218 312 102 grande
1048 1218 218 102 Char-

148 1301 291 116 treuse
352 1301 175 116 de
439 1301 379 116 Grenoble,
731 1301 204 116 par
818 1301 437 116 Saint

146 1389 188 103 du
208 1389 219 103 Pont.

248 1485 140 88 Le
318 1485 117 88 8
364 1485 256 88 juillet
551 1485 186 88 1816
667 1485 140 88 le
737 1485 303 88 vénérable
970 1485 163 88 dom
1040 1485 210 88 Romuald

193 1556 403 76 Moissonnier,
520 1556 428 76 grand-vicaire
873 1556 176 76 des
949 1556 302 76 Chartreux,

195 1621 172 79 âgé
294 1621 148 79 de
368 1621 517 79 soixante-quatorze
810 1621 197 79 ans,
933 1621 221 79 vint,
1081 1621 148 79 au
1130 1621 123 79 nom

196 1703 144 66 de
268 1703 168 66 son
364 1703 240 66 ordre,
532 1703 312 66 reprendre
772 1703 336 66 possession
1036 1703 144 66 de
1084 1703 168 66 cette

194 1764 259 71 célèbre
383 1764 282 71 retraite
594 1764 141 71 de
665 1764 141 71 S.
736 1764 235 71 Bruno,
900 1764 306 71 restituée
1135 1764 118 71 à
1159 1764 94 71 sa

196 1834 298 74 primitive
426 1834 344 74 destination
701 1834 161 74 par
793 1834 138 74 la
862 1834 207 74 piété
999 1834 138 74 du
1068 1834 184 74 Roi.
1160 1834 92 74 Il

197 1907 211 60 étoit
337 1907 329 60 accompagné
596 1907 141 60 de
666 1907 188 60 deux
783 1907 329 60 Chartreux,
1042 1907 141 60 et
1089 1907 164 60 suivi

196 1961 129 77 de
261 1961 237 77 fidèles
433 1961 151 77 que
519 1961 129 77 la
584 1961 194 77 piété
713 1961 258 77 attiroit
907 1961 151 77 sur
993 1961 151 77 ses
1079 1961 172 77 pas.
1165 1961 86 77 Il

201 2033 202 62 étoit
335 2033 112 62 à
380 2033 202 62 peine
514 2033 202 62 entré
648 2033 179 62 dans
760 2033 313 62 l’enceinte
1007 2033 134 62 de
1074 2033 134 62 la
1119 2033 134 62 pre-

199 2121 216 62 mière
343 2121 264 62 clôture
535 2121 144 62 du
607 2121 336 62 monastère,
870 2121 168 62 que
966 2121 216 62 trois
1086 2121 168 62 Char-

199 2179 211 64 treux
339 2179 141 64 du
409 2179 351 64 département
691 2179 141 64 de
761 2179 258 64 l’Isère
925 2179 328 64 descendirent
