1551 2697
565 165 152 108 (
595 165 182 108 31.)

94 285 530 95 GIRODET-TRIOSON,
545 285 265 95 membre
731 285 159 95 de
810 285 398 95 l’Institut,
1102 285 159 95 che-

151 366 218 65 valier
304 366 153 65 des
391 366 218 65 Ordres
544 366 131 65 de
609 366 349 65 Saint-Michel
893 366 131 65 et
959 366 131 65 de
1024 366 131 65 la
1068 366 196 65 Légion-

146 439 372 69 d’Honneur,
439 439 159 69 né
518 439 133 69 à
571 439 372 69 Montargis,
864 439 398 69 département
1156 439 106 69 du

126 506 212 72 Loiret.

95 629 210 126 30.
215 629 270 126 Scène
395 629 180 126 du
456 629 270 126 Déluge.

260 753 220 61 Après
406 753 147 61 la
480 753 196 61 mort
602 753 245 61 d’Adam
773 753 318 61 l’impiété
1018 753 147 61 et
1091 753 147 61 la
1140 753 122 61 mé-

203 810 289 88 chanceté
419 810 168 88 des
516 810 240 88 hommes
684 810 240 88 furent
852 810 265 88 portées
1045 810 120 88 à
1093 810 144 88 un
1141 810 120 88 tel

206 888 230 71 excès,
367 888 161 71 que
459 888 184 71 Dieu
574 888 253 71 résolut
757 888 138 71 de
826 888 161 71 les
918 888 322 71 exterminer
1148 888 115 71 par

207 952 144 78 un
279 952 240 78 déluge
447 952 336 78 universel.
711 952 168 78 Une
807 952 216 78 pluie
951 952 288 78 violente
1143 952 120 78 qui

208 1035 184 61 dura
323 1035 276 61 quarante
530 1035 207 61 jours
668 1035 138 61 et
737 1035 276 61 quarante
945 1035 207 61 nuits
1060 1035 207 61 couvrit

206 1088 202 87 d’eau
340 1088 134 87 la
407 1088 247 87 surface
587 1088 134 87 de
654 1088 134 87 la
721 1088 224 87 terre;
878 1088 179 87 tous
990 1088 157 87 les
1057 1088 202 87 hommes,

208 1158 188 94 tous
325 1158 164 94 les
419 1158 258 94 animaux
606 1158 281 94 périrent
817 1158 188 94 dans
935 1158 211 94 cette
1052 1158 211 94 inonda-

210 1240 202 62 tion,
344 1240 112 62 à
389 1240 135 62 la
456 1240 247 62 réserve
636 1240 135 62 de
703 1240 179 62 ceux
815 1240 157 62 qui
905 1240 247 62 étoient
1062 1240 202 62 renfer-

206 1296 166 78 més
301 1296 190 78 dans
396 1296 237 78 l’arche.

260 1365 140 89 M.
330 1365 279 89 Girodet,
539 1365 140 89 ne
609 1365 256 89 voulant
795 1365 233 89 rendre
958 1365 233 89 qu’une
1098 1365 163 89 scène

206 1434 144 76 du
278 1434 265 76 déluge,
470 1434 120 76 a
519 1434 265 76 imaginé
711 1434 168 76 une
807 1434 168 76 des
903 1434 337 76 situations
1144 1434 120 76 les

208 1503 183 71 plus
323 1503 321 71 terribles.
575 1503 138 71 Il
644 1503 115 71 a
690 1503 321 71 représenté
942 1503 138 71 un
1011 1503 206 71 homme
1125 1503 138 71 dans

210 1573 132 87 la
276 1573 241 87 vigueur
451 1573 132 87 de
517 1573 219 87 l’âge,
671 1573 241 87 luttant
846 1573 219 87 contre
1000 1573 132 87 la
1066 1573 197 87 mort,
1175 1573 88 87 et

210 1636 305 77 cherchant
444 1636 117 77 à
491 1636 234 77 sauver
655 1636 164 77 son
749 1636 211 77 père,
889 1636 141 77 sa
959 1636 211 77 femme
1100 1636 141 77 et
1147 1636 117 77 ses

210 1713 287 75 enfants.
425 1713 144 75 Ce
497 1713 335 75 malheureux
760 1713 168 75 est
856 1713 263 75 parvenu
1048 1713 120 75 à
1072 1713 191 75 gravir

210 1788 184 63 avec
325 1788 161 63 eux
417 1788 138 63 au
486 1788 230 63 sommet
646 1788 184 63 d’un
761 1788 253 63 rocher,
945 1788 138 63 et
1013 1788 115 63 à
1036 1788 230 63 s’accro-

209 1845 191 70 cher
329 1845 120 70 à
377 1845 168 70 une
472 1845 263 70 branche
664 1845 287 70 d’arbre;
879 1845 191 70 mais
999 1845 144 70 la
1047 1845 215 70 branche

210 1923 132 73 se
276 1923 220 73 rompt,
430 1923 132 73 et
495 1923 198 73 toute
627 1923 198 73 cette
759 1923 242 73 famille
935 1923 132 73 va
1001 1923 220 73 rouler
1132 1923 132 73 dans

207 1978 289 64 l’abyme.
424 1978 169 64 Une
520 1978 241 64 bourse
689 1978 169 64 que
785 1978 193 64 l’on
906 1978 289 64 remarque
1098 1978 169 64 entre

208 2038 168 103 les
304 2038 216 103 mains
448 2038 144 103 du
520 2038 312 103 vieillard
761 2038 264 103 indique
953 2038 192 103 qu’à
1073 2038 168 103 cet
1145 2038 120 103 âge

209 2126 143 75 on
281 2126 311 75 s’attache
520 2126 478 75 particulièrement
926 2126 120 75 à
974 2126 143 75 ce
1046 2126 167 75 qui
1118 2126 143 75 peut

210 2189 288 91 satisfaire
437 2189 144 91 les
519 2189 227 91 besoins
684 2189 124 91 de
746 2189 124 91 la
787 2189 124 91 vie.
