1599 2760
716 191 150 90 (
776 191 180 90 32
836 191 90 90 )

290 268 143 107 Ce
362 268 287 107 tableau,
577 268 239 107 exposé
744 268 143 107 au
816 268 215 107 salon
959 268 143 107 de
1031 268 215 107 1816,
1174 268 119 107 a
1222 268 167 107 été
1294 268 119 107 dé-

236 365 208 89 signé
374 365 184 89 pour
490 365 138 89 le
559 365 184 89 prix
674 365 300 89 décennal,
905 365 184 89 lors
1020 365 138 89 du
1089 365 277 89 concours
1274 365 138 89 jugé

237 431 148 76 par
300 431 275 76 l’Institut.

290 498 137 86 La
359 498 251 86 gravure
542 498 137 86 de
610 498 137 86 ce
679 498 274 86 tableau,
884 498 206 86 ainsi
1021 498 160 86 que
1113 498 206 86 celle
1227 498 183 86 d’Ata-

236 569 162 71 la,
328 569 138 71 de
397 569 138 71 la
467 569 254 71 Justice
651 569 254 71 Divine,
836 569 138 71 la
905 569 254 71 Famille
1090 569 138 71 de
1159 569 231 71 Priam,
1298 569 115 71 les

234 635 259 62 Remords
423 635 306 62 d’Oreste,
658 635 141 62 et
729 635 141 62 de
799 635 188 62 tous
917 635 165 62 les
1011 635 282 62 tableaux
1223 635 141 62 et
1270 635 141 62 sta-

232 702 193 59 tues
352 702 168 59 qui
449 702 168 59 ont
545 702 289 59 concouru
761 702 144 59 au
834 702 193 59 prix
954 702 313 59 décennal,
1194 702 144 59 se
1243 702 168 59 trou-

235 766 192 82 vent
355 766 192 82 dans
475 766 144 82 la
547 766 336 82 collection
811 766 144 82 de
883 766 168 82 cet
979 766 288 82 ouvrage;
1195 766 192 82 chez
1291 766 120 82 ma-

233 834 189 66 dame
352 834 236 66 Filhol
517 834 142 66 et
588 834 284 66 Bourdon,
801 834 284 66 artistes
1013 834 307 66 éditeurs,
1250 834 165 66 rue
1320 834 95 66 de

233 902 288 85 l’Odéon,
449 902 144 85 n°
497 902 120 85 35.

233 1018 204 103 31.
349 1018 175 103 La
437 1018 320 103 Révolte
670 1018 175 103 du
728 1018 233 103 Caire.

399 1105 135 81 La
466 1105 180 81 plus
579 1105 225 81 grande
736 1105 360 81 tranquillité
1029 1105 248 81 n’avoit
1209 1105 203 81 cessé
1321 1105 90 81 de

343 1200 227 54 régner
502 1200 182 54 dans
616 1200 136 54 la
684 1200 205 54 ville
821 1200 136 54 du
889 1200 227 54 Caire,
1048 1200 341 54 tout-à-coup
1298 1200 114 54 les

342 1255 261 74 indices
532 1255 214 74 d’une
675 1255 285 74 sédition
889 1255 309 74 prochaine
1126 1255 143 74 se
1174 1255 238 74 manifes-

347 1334 214 76 tent:
490 1334 119 76 à
537 1334 142 76 la
608 1334 237 76 pointe
774 1334 142 76 du
846 1334 190 76 jour
964 1334 166 76 des
1035 1334 380 76 rassemblements

346 1388 139 79 se
415 1388 255 79 forment
601 1388 185 79 dans
716 1388 232 79 divers
878 1388 301 79 quartiers
1110 1388 139 79 de
1179 1388 139 79 la
1226 1388 185 79 ville,

344 1477 153 68 et
420 1477 305 68 sur-tout
649 1477 127 68 à
700 1477 153 68 la
776 1477 254 68 grande
954 1477 305 68 Mosquée.
1183 1477 153 68 Le
1234 1477 178 68 géné-

344 1527 178 88 ral
445 1527 255 88 Dupuy,
624 1527 357 88 commandant
904 1527 153 88 de
981 1527 153 88 la
1057 1527 255 88 place,
1210 1527 204 88 qu’oc-

345 1606 238 78 cupoit
512 1606 262 78 l’armée
702 1606 333 78 françoise,
963 1606 285 78 s’avance
1177 1606 119 78 à
1225 1606 143 78 la
1272 1606 143 78 tête

348 1666 204 71 d’une
485 1666 227 71 foible
644 1666 250 71 escorte
825 1666 182 71 pour
939 1666 159 71 les
1030 1666 295 71 dissiper;
1257 1666 136 71 il
1302 1666 114 71 est

348 1741 295 74 assassiné
575 1741 182 74 avec
689 1741 295 74 plusieurs
916 1741 295 74 officiers
1143 1741 136 74 et
1189 1741 227 74 quelques

347 1814 267 78 dragons.
547 1814 133 78 La
614 1814 267 78 sédition
814 1814 245 78 devient
992 1814 267 78 aussitôt
1169 1814 245 78 générale;

348 1882 182 64 tous
462 1882 159 64 les
553 1882 273 64 François
757 1882 159 64 que
848 1882 159 64 les
939 1882 273 64 révoltés
1121 1882 295 64 rencontrent

350 1943 186 69 sont
466 1943 279 69 égorgés;
675 1943 163 69 les
768 1943 232 69 Arabes
930 1943 139 69 se
1000 1943 279 69 montrent
1209 1943 163 69 aux
1279 1943 139 69 por-

354 2020 140 73 tes
434 2020 120 73 de
494 2020 120 73 la
534 2020 160 73 ville.

404 2071 132 81 La
470 2071 264 81 générale
668 2071 154 81 est
756 2071 242 81 battue;
932 2071 154 81 les
1020 2071 264 81 François
1196 2071 220 81 s’arment

355 2155 145 65 et
427 2155 145 65 se
500 2155 266 65 forment
693 2155 145 65 en
766 2155 290 65 colonnes
984 2155 290 65 mobiles;
1201 2155 169 65 ils
1274 2155 145 65 mar-

355 2215 199 107 chent
488 2215 221 107 contre
643 2215 155 107 les
731 2215 266 107 rebelles
931 2215 177 107 avec
1041 2215 288 107 plusieurs
1241 2215 177 107 pièces
