1572 2709
643 145 149 113 (
703 145 179 113 33
763 145 90 113 )

278 252 144 62 de
350 252 240 62 canon:
518 252 264 62 ceux-ci
710 252 144 62 se
782 252 360 62 retranchent
1069 252 192 62 dans
1165 252 168 62 leurs

276 310 312 81 Mosquées,
516 310 192 81 d’où
636 310 168 81 ils
732 310 192 81 font
853 310 144 81 un
925 310 168 81 feu
1021 310 288 81 violent.
1213 310 120 81 Les

278 379 275 70 Mosquées
484 379 183 70 sont
599 379 321 70 enfoncées,
851 379 138 70 la
920 379 206 70 force
1058 379 138 70 et
1104 379 229 70 l’intré-

277 470 240 56 pidité
445 470 168 56 des
541 470 288 56 François
757 470 360 56 redoublent.
1044 470 264 56 Bientôt
1212 470 120 56 des

274 523 276 85 batteries
486 523 233 85 placées
655 523 148 85 sur
740 523 318 85 différentes
995 523 276 85 hauteurs,
1207 523 127 85 et
1249 523 85 85 le

280 608 202 67 canon
414 608 134 67 de
481 608 134 67 la
549 608 314 67 citadelle,
795 608 224 67 tirent
952 608 157 67 sur
1042 608 134 67 la
1109 608 224 67 ville;
1243 608 90 67 le

275 652 295 96 quartier
497 652 172 96 des
595 652 295 96 rebelles
816 652 147 96 et
890 652 147 96 la
963 652 246 96 grande
1111 652 221 96 Mosquée

279 734 182 78 sont
370 734 274 78 incendiés.

331 792 136 82 Le
399 792 227 82 moment
558 792 136 82 du
627 792 250 82 tableau
808 792 159 82 est
899 792 204 82 celui
1036 792 136 82 où
1104 792 159 82 les
1172 792 159 82 Fran-

277 860 215 79 çois,
420 860 215 79 ayant
564 860 263 79 pénétré
755 860 191 79 dans
874 860 143 79 la
946 860 239 79 grande
1089 860 239 79 Mosquée,

280 934 307 79 combattent
521 934 131 79 et
587 934 241 79 mettent
762 934 131 79 en
827 934 197 79 fuite
959 934 153 79 les
1046 934 263 79 rebelles
1222 934 109 79 qui

279 997 150 65 s’y
364 997 236 65 étoient
536 997 322 65 retranchés.
794 997 107 65 A
837 997 236 65 droite,
1009 997 150 65 sur
1095 997 129 65 le
1138 997 193 65 devant,

277 1072 168 82 est
373 1072 144 82 un
445 1072 264 82 mameluk
637 1072 312 82 soutenant
877 1072 144 82 un
925 1072 408 82 jeuneTurcblessé

276 1136 120 75 à
324 1136 191 75 mort
444 1136 215 75 qu’il
587 1136 239 75 défend
755 1136 239 75 encore
922 1136 191 75 avec
1042 1136 287 75 courage.
1233 1136 96 75 On

272 1206 295 85 remarque
494 1206 222 85 aussi
642 1206 148 85 un
716 1206 222 85 nègre
863 1206 172 85 qui
962 1206 222 85 porte
1109 1206 172 85 une
1183 1206 148 85 tête

275 1271 297 84 sanglante
504 1271 183 84 d’un
618 1271 366 84 Françoismort
915 1271 252 84 pendant
1075 1271 252 84 l’action.

224 1328 135 96 La
292 1328 271 96 fidélité
495 1328 158 96 des
585 1328 271 96 costumes
789 1328 135 96 et
856 1328 158 96 des
946 1328 248 96 armures
1127 1328 158 96 est
1195 1328 135 96 très

167 1400 185 90 bien
283 1400 278 90 observée
491 1400 185 90 dans
606 1400 139 90 ce
653 1400 231 90 tableau.

163 1505 217 98 32.
287 1505 186 98 Le
380 1505 341 98 sommeil
597 1505 403 98 d’Endymion.

326 1612 309 72 Endymion,
564 1612 238 72 fameux
731 1612 309 72 chasseur,
969 1612 262 72 s’étant
1136 1612 190 72 attiré

267 1692 158 61 les
358 1692 225 61 bonnes
515 1692 225 61 graces
673 1692 135 61 de
740 1692 248 61 Jupiter
921 1692 158 61 par
1011 1692 135 61 sa
1078 1692 248 61 justice
1236 1692 90 61 et

272 1772 144 59 sa
344 1772 287 59 probité,
559 1772 168 59 fut
655 1772 192 59 reçu
775 1772 192 59 dans
895 1772 144 59 le
967 1772 192 59 ciel
1086 1772 144 59 au
1134 1772 192 59 nombre

272 1828 157 58 des
361 1828 224 58 dieux.
518 1828 202 58 Mais,
653 1828 269 58 oubliant
854 1828 247 58 bientôt
1034 1828 157 58 une
1101 1828 224 58 pareille

269 1899 258 72 faveur,
456 1899 141 72 ce
527 1899 211 72 jeune
668 1899 211 72 homme
809 1899 164 72 osa
902 1899 235 72 brûler
1067 1899 188 72 d’un
1161 1899 164 72 amour

269 1971 311 59 téméraire
508 1971 191 59 pour
628 1971 239 59 Junon,
796 1971 287 59 l’épouse
1011 1971 144 59 de
1083 1971 168 59 son
1154 1971 168 59 bien-

268 2036 281 75 faiteur.
478 2036 281 75 Jupiter,
689 2036 187 75 pour
806 2036 140 75 le
876 2036 234 75 punir,
1040 2036 140 75 le
1087 2036 234 75 condamna

271 2101 114 80 à
317 2101 228 80 dormir
476 2101 182 80 d’un
590 2101 251 80 sommeil
773 2101 251 80 éternel
955 2101 182 80 dans
1069 2101 160 80 une
1138 2101 182 80 grotte

269 2164 150 92 du
344 2164 200 92 mont
469 2164 299 92 Lathmos,
693 2164 150 92 en
768 2164 250 92 Carie.
943 2164 150 92 Sa
1018 2164 250 92 beauté
1167 2164 150 92 tou
