1623 2769
688 161 153 109 (
749 161 183 109 34
810 161 92 109 )

320 264 174 76 cha
419 264 149 76 le
494 264 198 76 cœur
618 264 149 76 de
692 264 248 76 Diane,
866 264 248 76 déesse
1040 264 149 76 de
1114 264 149 76 la
1164 264 223 76 chasse,

323 344 178 70 qui,
434 344 133 70 la
501 344 200 70 nuit,
634 344 289 70 éclairoit
856 344 133 70 la
923 344 200 70 terre
1056 344 178 70 sous
1168 344 133 70 la
1212 344 178 70 figure

326 405 139 71 de
395 405 139 71 la
465 405 208 71 lune.
604 405 208 71 Comme
743 405 232 71 déesse
905 405 139 71 de
974 405 139 71 la
1044 405 301 71 chasteté,
1252 405 139 71 elle

323 468 315 84 craignoit
565 468 170 84 que
662 468 194 84 l’on
784 468 146 84 ne
856 468 315 84 découvrit
1099 468 170 84 ses
1172 468 218 84 amours;

326 538 209 86 c’est
465 538 278 86 pourquoi
674 538 186 86 elle
790 538 302 86 attendoit
1022 538 162 86 que
1115 538 139 86 le
1184 538 186 86 jour
1277 538 116 86 fût

326 615 218 82 passé
471 615 194 82 pour
592 615 267 82 visiter
786 615 170 82 son
883 615 218 82 amant
1029 615 145 82 et
1077 615 315 82 l’embrasser

326 677 267 97 pendant
520 677 219 97 qu’il
666 677 291 97 dormoit.
884 677 219 97 C’est
1030 677 146 97 ce
1103 677 267 97 dernier
1273 677 121 97 mo-

328 764 204 70 ment
455 764 178 70 que
557 764 331 70 l’artiste
811 764 127 70 a
862 764 280 70 choisi.
1065 764 204 70 Dans
1192 764 153 70 un
1243 764 153 70 bois

327 831 153 66 de
403 831 331 66 platanes,
657 831 305 66 Endymion
886 831 254 66 couché
1064 831 178 66 sur
1166 831 178 66 son
1242 831 153 66 man-

328 892 186 64 teau
444 892 139 64 et
514 892 163 64 une
606 892 186 64 peau
723 892 139 64 de
792 892 232 64 tigre,
955 892 232 64 paroît
1117 892 232 64 plongé
1257 892 139 64 dans

332 952 142 84 le
403 952 190 84 plus
522 952 261 84 profond
712 952 284 84 sommeil.
925 952 190 84 Près
1043 952 142 84 de
1115 952 166 84 lui
1209 952 142 84 on
1257 952 142 84 voit

332 1034 272 64 voltiger
537 1034 250 64 Zéphire
718 1034 159 64 qui
809 1034 136 64 se
877 1034 250 64 suspend
1059 1034 113 64 à
1104 1034 159 64 des
1172 1034 227 64 branches

332 1095 277 75 d’arbres
540 1095 185 75 pour
655 1095 254 75 laisser
840 1095 277 75 pénêtrer
1048 1095 139 75 un
1118 1095 208 75 rayon
1256 1095 139 75 de
1303 1095 92 75 la

330 1160 208 79 lune,
468 1160 162 79 qui
561 1160 231 79 semble
722 1160 139 79 se
792 1160 208 79 fixer
930 1160 162 79 sur
1023 1160 139 79 la
1092 1160 231 79 bouche
1230 1160 162 79 d’En-

331 1234 273 64 dymion:
530 1234 198 64 idée
653 1234 347 64 ingénieuse
926 1234 149 64 du
1000 1234 273 64 peintre
1199 1234 174 64 qui
1273 1234 124 64 in-

334 1304 208 72 dique
473 1304 139 72 le
542 1304 208 72 moyen
681 1304 185 72 dont
797 1304 139 72 se
866 1304 255 72 servoit
1052 1304 139 72 la
1121 1304 232 72 déesse
1260 1304 139 72 pour

332 1380 260 62 donner
514 1380 182 62 des
618 1380 286 62 baisers
826 1380 130 62 à
879 1380 156 62 ce
957 1380 234 62 jeune
1087 1380 312 62 demi

336 1442 232 71 L’arc,
498 1442 139 71 le
568 1442 302 71 carquois,
801 1442 139 71 et
870 1442 139 71 le
940 1442 209 71 chien
1080 1442 163 71 que
1173 1442 186 71 l’on
1266 1442 139 71 voit

337 1511 208 91 dans
467 1511 287 91 l’ombre
676 1511 339 91 annoncent
936 1511 391 91 qu’Endymion
1223 1511 182 91 étoit

336 1589 149 71 un
386 1589 273 71 chasseur.

288 1649 131 85 Ce
354 1649 241 85 tableau
529 1649 109 85 a
573 1649 153 85 été
660 1649 197 85 peint
791 1649 131 85 en
835 1649 197 85 Italie.

227 1797 213 124 33.
348 1797 274 124 Atala
531 1797 183 124 au
592 1797 304 124 tombeau.

399 1925 295 74 Chactas,
621 1925 246 74 Indien
793 1925 147 74 de
866 1925 147 74 la
940 1925 246 74 nation
1112 1925 147 74 de
1161 1925 246 74 Natchez,

345 1998 213 74 avoit
487 1998 236 74 trouvé
652 1998 401 74 l’hospitalité
983 1998 118 74 à
1007 1998 401 74 Saint

345 2063 213 68 ville
487 2063 142 68 de
558 2063 142 68 la
629 2063 284 68 Floride,
842 2063 189 68 chez
960 2063 142 68 un
1031 2063 213 68 vieux
1149 2063 260 68 Castillan

350 2129 203 87 nommé
486 2129 226 87 Lopez,
644 2129 158 87 qui
735 2129 271 87 l’adopta
938 2129 181 87 pour
1051 2129 158 87 son
1142 2129 203 87 fils.
1255 2129 158 87 L’at-

348 2219 307 66 tachement
585 2219 165 66 que
679 2219 165 66 lui
773 2219 331 66 témoignoit
1033 2219 165 66 cet
1128 2219 283 66 étranger
1317 2219 94 66 ne
