1614 2763
730 196 186 102 (
767 196 186 102 40)

373 291 143 93 de
445 291 285 93 Thyeste,
658 291 261 93 Egiste,
848 291 119 93 a
896 291 285 93 subjugué
1110 291 143 93 le
1181 291 190 93 cœur
1300 291 143 93 de
1347 291 95 93 la

373 357 242 89 fière
534 357 456 89 Clytemnestre,
910 357 268 89 épouse
1071 357 376 89 d’Agamemnon.

376 428 183 73 Déja
490 428 183 73 elle
604 428 160 73 lui
696 428 320 73 appartient
947 428 160 73 par
1038 428 137 73 le
1107 428 228 73 crime,
1266 428 183 73 déja
1358 428 91 73 il

376 500 220 69 règne
522 500 171 69 par
620 500 196 69 elle
743 500 196 69 dans
865 500 245 69 Argos.
1036 500 147 69 En
1109 500 147 69 ce
1183 500 245 69 moment
1330 500 122 69 que

381 572 223 68 laisse
537 572 156 68 aux
626 572 290 68 coupables
850 572 134 68 le
917 572 246 68 sommeil
1096 572 134 68 du
1163 572 179 68 roi,
1252 572 201 68 Egisthe

382 648 251 68 rallume
565 648 183 68 dans
679 648 137 68 le
747 648 183 68 cœur
862 648 137 68 de
930 648 137 68 sa
998 648 274 68 complice
1204 648 137 68 le
1250 648 205 68 ressen-

384 714 243 72 timent
554 714 146 72 du
627 714 268 72 meurtre
822 714 146 72 de
895 714 146 72 sa
968 714 219 72 fille
1114 714 341 72 Iphigénie;
1358 714 97 72 il

385 795 238 57 excite
552 795 143 57 en
624 795 191 57 même
743 795 215 57 temps
886 795 143 57 sa
957 795 286 57 jalousie
1172 795 238 57 contre
1315 795 143 57 Cas-

384 846 289 82 sandre,
594 846 263 82 amenée
778 846 289 82 captive
988 846 184 82 par
1093 846 368 82 Agamemnon,
1355 846 105 82 et

386 916 154 73 la
463 916 333 73 détermine
720 916 231 73 enfin
873 916 128 73 à
925 916 154 73 un
1002 916 256 73 second
1181 916 231 73 crime
1309 916 154 73 pour

389 986 263 80 assurer
580 986 335 80 l’impunité
843 986 143 80 du
915 986 287 80 premier.
1130 986 191 80 Elle
1250 986 120 80 a
1298 986 191 80 cédé
1393 986 72 80 à

393 1053 160 77 ses
484 1053 251 77 affreux
667 1053 297 77 conseils,
895 1053 137 77 et
964 1053 228 77 dévoué
1124 1053 160 77 son
1215 1053 205 77 époux
1352 1053 114 77 à
1375 1053 91 77 la

394 1140 214 60 mort.
537 1140 333 60 Cependant,
799 1140 214 60 prête
942 1140 119 60 à
989 1140 286 60 frapper,
1203 1140 190 60 elle
1298 1140 167 60 s’ar-

394 1208 215 56 rête.
537 1208 311 56 L’horreur
776 1208 143 56 du
848 1208 263 56 forfait
1039 1208 167 56 lui
1135 1208 287 56 apparoit
1326 1208 143 56 tout

400 1275 255 60 entière,
591 1275 128 60 et
655 1275 213 60 semble
804 1275 213 60 glacer
953 1275 128 60 sa
1016 1275 234 60 fureur.
1187 1275 170 60 Elle
1272 1275 191 60 recule:

400 1344 199 64 mais
524 1344 298 64 Egisthe,
748 1344 323 64 impatient
996 1344 149 64 de
1071 1344 199 64 voir
1195 1344 273 64 expirer
1369 1344 99 64 sa

401 1397 262 94 victime,
598 1397 131 94 la
663 1397 284 94 soutient,
882 1397 131 94 la
947 1397 219 94 pousse
1100 1397 175 94 vers
1210 1397 131 94 le
1275 1397 153 94 lit
1341 1397 131 94 con-

397 1485 226 80 jugal,
555 1485 135 80 et
623 1485 135 80 le
691 1485 203 80 crime
826 1485 135 80 va
871 1485 271 80 s’achever.

459 1542 199 88 C’est
591 1542 133 88 le
658 1542 221 88 moment
812 1542 133 88 de
879 1542 353 88 l’hésitation
1166 1542 155 88 que
1232 1542 243 88 l’artiste

406 1610 112 83 a
450 1610 224 83 choisi
607 1610 179 83 pour
720 1610 135 83 le
787 1610 202 83 sujet
922 1610 135 83 de
989 1610 135 83 ce
1034 1610 224 83 tableau.

299 1870 262 71 GUÉRIN
482 1870 341 71 (Paulin),
745 1870 157 71 né
823 1870 131 71 à
876 1870 367 71 Marseille,
1138 1870 341 71 département

613 1927 179 107 des
690 1927 485 107 Bouches

307 2023 199 124 38.
420 2023 228 124 Caïn
563 2023 256 124 après
734 2023 171 124 le
819 2023 313 124 meurtre
1019 2023 256 124 d’Abel.

473 2157 208 83 Dieu
603 2157 261 83 voyant
786 2157 156 83 la
864 2157 313 83 mauvaise
1098 2157 391 83 disposition
1385 2157 104 83 du

420 2243 204 67 cœur
547 2243 153 67 de
623 2243 229 67 Caïn,
776 2243 204 67 fils
903 2243 204 67 aîné
1030 2243 153 67 du
1106 2243 280 67 premier
1284 2243 204 67 homme,
