1569 2757
696 166 184 108 (
733 166 184 108 42)

241 296 333 91 Madame
474 296 367 91 HUSSON,
741 296 300 91 veuve
941 296 400 91 CHAUDET,
1207 296 167 91 née

394 359 252 104 GABION
570 359 404 104 (Élisabeth),
898 359 177 104 née
999 359 126 104 à
1024 359 202 104 Paris.

212 467 237 95 39.
348 467 203 95 Un
449 467 339 95 enfant
686 467 372 95 endormi
957 467 305 95 gardé
1160 467 237 95 par
1262 467 135 95 un

256 561 236 80 chien.

382 665 149 78 Un
457 665 223 78 père,
605 665 223 78 forcé
754 665 149 78 de
829 665 347 78 s’absenter
1101 665 149 78 du
1176 665 248 78 logis,
1325 665 74 78 y

329 736 209 81 avoit
468 736 233 81 laissé
631 736 186 81 sous
748 736 140 81 la
817 736 209 81 garde
957 736 186 81 d’un
1073 736 209 81 chien
1213 736 163 81 son
1283 736 116 81 en-

326 801 196 78 fant
448 801 269 78 endormi
644 801 147 78 au
717 801 294 78 berceau.
937 801 147 78 Un
1011 801 269 78 serpent
1182 801 220 78 s’étant

328 874 233 81 glissé
491 874 186 81 dans
607 874 210 81 cette
747 874 279 81 chambre,
957 874 233 81 alloit
1120 874 140 81 le
1166 874 233 81 dévorer,

327 953 190 66 sans
446 953 143 66 le
517 953 214 66 chien
660 953 166 66 qui
755 953 214 66 sauta
897 953 238 66 dessus
1064 953 143 66 et
1135 953 143 66 le
1206 953 190 66 tua.
1301 953 95 66 On

330 1031 186 64 voit
446 1031 163 64 cet
539 1031 233 64 animal
702 1031 233 64 tenant
865 1031 233 64 encore
1028 1031 140 64 le
1098 1031 256 64 reptile
1260 1031 140 64 sous

329 1089 163 67 ses
422 1089 255 67 pattes.
607 1089 441 67 Malheureusement
979 1089 139 67 il
1049 1089 139 67 en
1118 1089 163 67 fut
1211 1089 139 67 la
1258 1089 139 67 vic-

329 1161 205 83 time,
466 1161 159 83 car
557 1161 137 83 le
625 1161 205 83 père,
762 1161 273 83 rentrant
967 1161 182 83 chez
1081 1161 159 83 lui
1172 1161 137 83 et
1218 1161 182 83 voyant

324 1233 163 80 son
417 1233 210 80 chien
557 1233 280 80 accourir
767 1233 117 80 à
814 1233 163 80 lui
908 1233 140 80 la
978 1233 234 80 gueule
1118 1233 280 80 ensanglan-

328 1310 171 56 tée,
435 1310 128 56 le
499 1310 171 56 tua,
606 1310 235 56 pensant
777 1310 192 56 qu’il
905 1310 192 56 avoit
1033 1310 257 56 étranglé
1226 1310 150 56 son
1290 1310 107 56 en-

328 1367 189 75 fant.
454 1367 168 75 Mais
559 1367 272 75 lorsqu’il
768 1367 126 75 le
831 1367 147 75 vit
915 1367 168 75 sain
1020 1367 126 75 et
1083 1367 189 75 sauf,
1208 1367 126 75 et
1250 1367 147 75 qu’il

328 1429 256 78 aperçut
514 1429 140 78 le
584 1429 256 78 serpent
770 1429 186 78 mort
886 1429 233 78 auprès
1049 1429 140 78 de
1119 1429 186 78 lui,
1235 1429 140 78 il
1282 1429 116 78 fut

323 1507 140 67 au
393 1507 327 67 désespoir,
650 1507 140 67 et
720 1507 140 67 se
790 1507 304 67 repentit,
1024 1507 187 67 mais
1141 1507 187 67 trop
1234 1507 164 67 tard,

324 1576 137 87 de
393 1576 137 87 sa
438 1576 365 87 précipitation.

585 1777 312 94 LAFOND
772 1777 250 94 jeune.

210 1887 213 90 40.
331 1887 243 90 Mort
483 1887 456 90 d’Eudamidas
848 1887 182 90 de
939 1887 395 90 Corinthe,
1213 1887 182 90 lec-

271 1969 264 79 ture
436 1969 198 79 du
535 1969 462 79 testament,
899 1969 495 79 acceptation
1262 1969 132 79 du

251 2053 189 91 legs.

373 2152 366 68 Eudamidas,
661 2152 157 68 en
739 2152 314 68 mourant,
974 2152 262 68 légua,
1158 2152 183 68 par
1236 2152 157 68 tes-

320 2235 268 71 tament,
514 2235 146 71 sa
587 2235 219 71 fille
734 2235 122 71 à
782 2235 341 71 Chavixène,
1050 2235 170 71 son
1148 2235 195 71 ami,
1245 2235 146 71 pour
