<alto xmlns:xsi="http://www.w3.org/2001/XMLSchema-instance" xmlns="http://www.loc.gov/standards/alto/ns-v2#" xmlns:page="http://schema.primaresearch.org/PAGE/gts/pagecontent/2013-07-15" xsi:schemaLocation="http://www.loc.gov/standards/alto/ns-v2# http://www.loc.gov/standards/alto/alto.xsd">
  <Description>
    <MeasurementUnit>pixel</MeasurementUnit>
    <sourceImageInformation>
         <fileName>53.jpg</fileName>
      </sourceImageInformation>
    <OCRProcessing ID="IdOcr">
      <ocrProcessingStep>
        <processingDateTime>2020-10-31T11:12:51.688+01:00</processingDateTime>
        <processingSoftware>
               <softwareCreator>CONTRIBUTORS</softwareCreator>
               <softwareName>pdfalto</softwareName>
               <softwareVersion>0.1</softwareVersion>
            </processingSoftware>
      </ocrProcessingStep>
    </OCRProcessing>
  </Description>
  <Styles>
     <TextStyle ID="FONT0" FONTSTYLE=""/>
     <TextStyle ID="FONT1" FONTSTYLE="bold"/>
     <TextStyle ID="FONT2" FONTSTYLE="italics"/>
</Styles>
  <Tags/>
  <Layout>
    <Page ID="Page1" PHYSICAL_IMG_NR="1" HEIGHT="2703" WIDTH="1536">
      <PrintSpace HEIGHT="2653" WIDTH="1473" VPOS="47" HPOS="37">
        <TextBlock ID="r_1_1" HEIGHT="64" WIDTH="166" VPOS="188" HPOS="618">
          <TextLine ID="tl_1" BASELINE="264" HEIGHT="101" WIDTH="182" VPOS="163" HPOS="608">
            <String HEIGHT="101" WIDTH="273" VPOS="163" HPOS="517" CONTENT="(43)" ID="tl_1_1" STYLEREFS="FONT0"/>
          </TextLine>
        </TextBlock>
        <TextBlock ID="r_1_2" HEIGHT="392" WIDTH="1033" VPOS="280" HPOS="241">
          <TextLine ID="tl_2" BASELINE="345" HEIGHT="98" WIDTH="1036" VPOS="247" HPOS="236">
            <String HEIGHT="98" WIDTH="152" VPOS="247" HPOS="211" CONTENT="la" ID="tl_2_1" STYLEREFS="FONT0"/>
            <SP HEIGHT="98" WIDTH="25" VPOS="247" HPOS="362"/>
            <String HEIGHT="98" WIDTH="253" VPOS="247" HPOS="287" CONTENT="marier" ID="tl_2_2" STYLEREFS="FONT0"/>
            <SP HEIGHT="98" WIDTH="25" VPOS="247" HPOS="539"/>
            <String HEIGHT="98" WIDTH="202" VPOS="247" HPOS="463" CONTENT="avec" ID="tl_2_3" STYLEREFS="FONT0"/>
            <SP HEIGHT="98" WIDTH="25" VPOS="247" HPOS="666"/>
            <String HEIGHT="98" WIDTH="177" VPOS="247" HPOS="590" CONTENT="une" ID="tl_2_4" STYLEREFS="FONT0"/>
            <SP HEIGHT="98" WIDTH="25" VPOS="247" HPOS="767"/>
            <String HEIGHT="98" WIDTH="227" VPOS="247" HPOS="691" CONTENT="aussi" ID="tl_2_5" STYLEREFS="FONT0"/>
            <SP HEIGHT="98" WIDTH="25" VPOS="247" HPOS="918"/>
            <String HEIGHT="98" WIDTH="253" VPOS="247" HPOS="842" CONTENT="grande" ID="tl_2_6" STYLEREFS="FONT0"/>
            <SP HEIGHT="98" WIDTH="25" VPOS="247" HPOS="1095"/>
            <String HEIGHT="98" WIDTH="177" VPOS="247" HPOS="1019" CONTENT="dot" ID="tl_2_7" STYLEREFS="FONT0"/>
            <SP HEIGHT="98" WIDTH="25" VPOS="247" HPOS="1196"/>
            <String HEIGHT="98" WIDTH="177" VPOS="247" HPOS="1095" CONTENT="qu’il" ID="tl_2_8" STYLEREFS="FONT0"/>
          </TextLine>
          <TextLine ID="tl_3" BASELINE="414" HEIGHT="76" WIDTH="1038" VPOS="338" HPOS="235">
            <String HEIGHT="76" WIDTH="304" VPOS="338" HPOS="210" CONTENT="pourroit" ID="tl_3_1" STYLEREFS="FONT0"/>
            <SP HEIGHT="76" WIDTH="25" VPOS="338" HPOS="513"/>
            <String HEIGHT="76" WIDTH="177" VPOS="338" HPOS="438" CONTENT="lui" ID="tl_3_2" STYLEREFS="FONT0"/>
            <SP HEIGHT="76" WIDTH="25" VPOS="338" HPOS="615"/>
            <String HEIGHT="76" WIDTH="278" VPOS="338" HPOS="539" CONTENT="donner," ID="tl_3_3" STYLEREFS="FONT0"/>
            <SP HEIGHT="76" WIDTH="25" VPOS="338" HPOS="817"/>
            <String HEIGHT="76" WIDTH="152" VPOS="338" HPOS="741" CONTENT="et" ID="tl_3_4" STYLEREFS="FONT0"/>
            <SP HEIGHT="76" WIDTH="25" VPOS="338" HPOS="893"/>
            <String HEIGHT="76" WIDTH="152" VPOS="338" HPOS="817" CONTENT="sa" ID="tl_3_5" STYLEREFS="FONT0"/>
            <SP HEIGHT="76" WIDTH="25" VPOS="338" HPOS="969"/>
            <String HEIGHT="76" WIDTH="203" VPOS="338" HPOS="893" CONTENT="mère" ID="tl_3_6" STYLEREFS="FONT0"/>
            <SP HEIGHT="76" WIDTH="25" VPOS="338" HPOS="1096"/>
            <String HEIGHT="76" WIDTH="127" VPOS="338" HPOS="1020" CONTENT="à" ID="tl_3_7" STYLEREFS="FONT0"/>
            <SP HEIGHT="76" WIDTH="25" VPOS="338" HPOS="1146"/>
            <String HEIGHT="76" WIDTH="228" VPOS="338" HPOS="1045" CONTENT="Aretée," ID="tl_3_8" STYLEREFS="FONT0"/>
          </TextLine>
          <TextLine ID="tl_4" BASELINE="479" HEIGHT="50" WIDTH="1035" VPOS="429" HPOS="239">
            <String HEIGHT="50" WIDTH="217" VPOS="429" HPOS="215" CONTENT="autre" ID="tl_4_1" STYLEREFS="FONT0"/>
            <SP HEIGHT="50" WIDTH="24" VPOS="429" HPOS="432"/>
            <String HEIGHT="50" WIDTH="193" VPOS="429" HPOS="359" CONTENT="ami," ID="tl_4_2" STYLEREFS="FONT0"/>
            <SP HEIGHT="50" WIDTH="24" VPOS="429" HPOS="552"/>
            <String HEIGHT="50" WIDTH="193" VPOS="429" HPOS="480" CONTENT="pour" ID="tl_4_3" STYLEREFS="FONT0"/>
            <SP HEIGHT="50" WIDTH="24" VPOS="429" HPOS="672"/>
            <String HEIGHT="50" WIDTH="144" VPOS="429" HPOS="600" CONTENT="la" ID="tl_4_4" STYLEREFS="FONT0"/>
            <SP HEIGHT="50" WIDTH="24" VPOS="429" HPOS="744"/>
            <String HEIGHT="50" WIDTH="265" VPOS="429" HPOS="672" CONTENT="nourrir" ID="tl_4_5" STYLEREFS="FONT0"/>
            <SP HEIGHT="50" WIDTH="24" VPOS="429" HPOS="937"/>
            <String HEIGHT="50" WIDTH="144" VPOS="429" HPOS="865" CONTENT="et" ID="tl_4_6" STYLEREFS="FONT0"/>
            <SP HEIGHT="50" WIDTH="24" VPOS="429" HPOS="1009"/>
            <String HEIGHT="50" WIDTH="144" VPOS="429" HPOS="937" CONTENT="en" ID="tl_4_7" STYLEREFS="FONT0"/>
            <SP HEIGHT="50" WIDTH="24" VPOS="429" HPOS="1081"/>
            <String HEIGHT="50" WIDTH="217" VPOS="429" HPOS="1009" CONTENT="avoir" ID="tl_4_8" STYLEREFS="FONT0"/>
            <SP HEIGHT="50" WIDTH="24" VPOS="429" HPOS="1226"/>
            <String HEIGHT="50" WIDTH="144" VPOS="429" HPOS="1130" CONTENT="soin" ID="tl_4_9" STYLEREFS="FONT0"/>
          </TextLine>
          <TextLine ID="tl_5" BASELINE="539" HEIGHT="67" WIDTH="1037" VPOS="472" HPOS="239">
            <String HEIGHT="67" WIDTH="189" VPOS="472" HPOS="215" CONTENT="dans" ID="tl_5_1" STYLEREFS="FONT0"/>
            <SP HEIGHT="67" WIDTH="24" VPOS="472" HPOS="404"/>
            <String HEIGHT="67" WIDTH="141" VPOS="472" HPOS="333" CONTENT="sa" ID="tl_5_2" STYLEREFS="FONT0"/>
            <SP HEIGHT="67" WIDTH="24" VPOS="472" HPOS="475"/>
            <String HEIGHT="67" WIDTH="354" VPOS="472" HPOS="404" CONTENT="vieillesse," ID="tl_5_3" STYLEREFS="FONT0"/>
            <SP HEIGHT="67" WIDTH="24" VPOS="472" HPOS="757"/>
            <String HEIGHT="67" WIDTH="306" VPOS="472" HPOS="687" CONTENT="entendant" ID="tl_5_4" STYLEREFS="FONT0"/>
            <SP HEIGHT="67" WIDTH="24" VPOS="472" HPOS="993"/>
            <String HEIGHT="67" WIDTH="165" VPOS="472" HPOS="922" CONTENT="que" ID="tl_5_5" STYLEREFS="FONT0"/>
            <SP HEIGHT="67" WIDTH="24" VPOS="472" HPOS="1087"/>
            <String HEIGHT="67" WIDTH="141" VPOS="472" HPOS="1017" CONTENT="si" ID="tl_5_6" STYLEREFS="FONT0"/>
            <SP HEIGHT="67" WIDTH="24" VPOS="472" HPOS="1158"/>
            <String HEIGHT="67" WIDTH="189" VPOS="472" HPOS="1087" CONTENT="l’un" ID="tl_5_7" STYLEREFS="FONT0"/>
            <SP HEIGHT="67" WIDTH="24" VPOS="472" HPOS="1276"/>
            <String HEIGHT="67" WIDTH="94" VPOS="472" HPOS="1182" CONTENT="ou" ID="tl_5_8" STYLEREFS="FONT0"/>
          </TextLine>
          <TextLine ID="tl_6" BASELINE="633" HEIGHT="93" WIDTH="1043" VPOS="540" HPOS="238">
            <String HEIGHT="93" WIDTH="249" VPOS="540" HPOS="215" CONTENT="l’autre" ID="tl_6_1" STYLEREFS="FONT0"/>
            <SP HEIGHT="93" WIDTH="23" VPOS="540" HPOS="465"/>
            <String HEIGHT="93" WIDTH="227" VPOS="540" HPOS="397" CONTENT="venoit" ID="tl_6_2" STYLEREFS="FONT0"/>
            <SP HEIGHT="93" WIDTH="23" VPOS="540" HPOS="623"/>
            <String HEIGHT="93" WIDTH="113" VPOS="540" HPOS="555" CONTENT="à" ID="tl_6_3" STYLEREFS="FONT0"/>
            <SP HEIGHT="93" WIDTH="23" VPOS="540" HPOS="669"/>
            <String HEIGHT="93" WIDTH="227" VPOS="540" HPOS="601" CONTENT="mourir" ID="tl_6_4" STYLEREFS="FONT0"/>
            <SP HEIGHT="93" WIDTH="23" VPOS="540" HPOS="828"/>
            <String HEIGHT="93" WIDTH="136" VPOS="540" HPOS="760" CONTENT="le" ID="tl_6_5" STYLEREFS="FONT0"/>
            <SP HEIGHT="93" WIDTH="23" VPOS="540" HPOS="896"/>
            <String HEIGHT="93" WIDTH="181" VPOS="540" HPOS="828" CONTENT="legs" ID="tl_6_6" STYLEREFS="FONT0"/>
            <SP HEIGHT="93" WIDTH="23" VPOS="540" HPOS="1009"/>
            <String HEIGHT="93" WIDTH="227" VPOS="540" HPOS="941" CONTENT="revint" ID="tl_6_7" STYLEREFS="FONT0"/>
            <SP HEIGHT="93" WIDTH="23" VPOS="540" HPOS="1168"/>
            <String HEIGHT="93" WIDTH="136" VPOS="540" HPOS="1100" CONTENT="au" ID="tl_6_8" STYLEREFS="FONT0"/>
            <SP HEIGHT="93" WIDTH="23" VPOS="540" HPOS="1236"/>
            <String HEIGHT="93" WIDTH="136" VPOS="540" HPOS="1145" CONTENT="sur" ID="tl_6_9" STYLEREFS="FONT0"/>
          </TextLine>
          <TextLine ID="tl_7" BASELINE="691" HEIGHT="71" WIDTH="163" VPOS="620" HPOS="237">
            <String HEIGHT="71" WIDTH="210" VPOS="620" HPOS="190" CONTENT="vivant." ID="tl_7_1" STYLEREFS="FONT0"/>
          </TextLine>
        </TextBlock>
        <TextBlock ID="r_1_3" HEIGHT="56" WIDTH="594" VPOS="697" HPOS="623">
          <TextLine ID="tl_8" BASELINE="781" HEIGHT="114" WIDTH="608" VPOS="667" HPOS="616">
            <String HEIGHT="114" WIDTH="281" VPOS="667" HPOS="593" CONTENT="(Lucien," ID="tl_8_1" STYLEREFS="FONT0"/>
            <SP HEIGHT="114" WIDTH="23" VPOS="667" HPOS="873"/>
            <String HEIGHT="114" WIDTH="187" VPOS="667" HPOS="803" CONTENT="dans" ID="tl_8_2" STYLEREFS="FONT0"/>
            <SP HEIGHT="114" WIDTH="23" VPOS="667" HPOS="990"/>
            <String HEIGHT="114" WIDTH="140" VPOS="667" HPOS="920" CONTENT="le" ID="tl_8_3" STYLEREFS="FONT0"/>
            <SP HEIGHT="114" WIDTH="23" VPOS="667" HPOS="1060"/>
            <String HEIGHT="114" WIDTH="257" VPOS="667" HPOS="967" CONTENT="Taxaris.)" ID="tl_8_4" STYLEREFS="FONT0"/>
          </TextLine>
        </TextBlock>
        <TextBlock ID="r_2_1" HEIGHT="197" WIDTH="1081" VPOS="933" HPOS="163">
          <TextLine ID="tl_9" BASELINE="986" HEIGHT="66" WIDTH="1093" VPOS="920" HPOS="157">
            <String HEIGHT="66" WIDTH="254" VPOS="920" HPOS="132" CONTENT="LANDON" ID="tl_9_1" STYLEREFS="FONT0"/>
            <SP HEIGHT="66" WIDTH="25" VPOS="920" HPOS="386"/>
            <String HEIGHT="66" WIDTH="483" VPOS="920" HPOS="310" CONTENT="(Charles-Paul)," ID="tl_9_2" STYLEREFS="FONT0"/>
            <SP HEIGHT="66" WIDTH="25" VPOS="920" HPOS="792"/>
            <String HEIGHT="66" WIDTH="330" VPOS="920" HPOS="716" CONTENT="chevalier" ID="tl_9_3" STYLEREFS="FONT0"/>
            <SP HEIGHT="66" WIDTH="25" VPOS="920" HPOS="1047"/>
            <String HEIGHT="66" WIDTH="153" VPOS="920" HPOS="970" CONTENT="de" ID="tl_9_4" STYLEREFS="FONT0"/>
            <SP HEIGHT="66" WIDTH="25" VPOS="920" HPOS="1123"/>
            <String HEIGHT="66" WIDTH="229" VPOS="920" HPOS="1021" CONTENT="l’ordre" ID="tl_9_5" STYLEREFS="FONT0"/>
          </TextLine>
          <TextLine ID="tl_10" BASELINE="1062" HEIGHT="70" WIDTH="1036" VPOS="992" HPOS="210">
            <String HEIGHT="70" WIDTH="222" VPOS="992" HPOS="185" CONTENT="royal" ID="tl_10_1" STYLEREFS="FONT0"/>
            <SP HEIGHT="70" WIDTH="25" VPOS="992" HPOS="407"/>
            <String HEIGHT="70" WIDTH="148" VPOS="992" HPOS="333" CONTENT="de" ID="tl_10_2" STYLEREFS="FONT0"/>
            <SP HEIGHT="70" WIDTH="25" VPOS="992" HPOS="481"/>
            <String HEIGHT="70" WIDTH="148" VPOS="992" HPOS="407" CONTENT="la" ID="tl_10_3" STYLEREFS="FONT0"/>
            <SP HEIGHT="70" WIDTH="25" VPOS="992" HPOS="555"/>
            <String HEIGHT="70" WIDTH="247" VPOS="992" HPOS="481" CONTENT="Légion" ID="tl_10_4" STYLEREFS="FONT0"/>
            <SP HEIGHT="70" WIDTH="25" VPOS="992" HPOS="728"/>
            <String HEIGHT="70" WIDTH="345" VPOS="992" HPOS="654" CONTENT="d’Honneur," ID="tl_10_5" STYLEREFS="FONT0"/>
            <SP HEIGHT="70" WIDTH="25" VPOS="992" HPOS="999"/>
            <String HEIGHT="70" WIDTH="148" VPOS="992" HPOS="925" CONTENT="né" ID="tl_10_6" STYLEREFS="FONT0"/>
            <SP HEIGHT="70" WIDTH="25" VPOS="992" HPOS="1073"/>
            <String HEIGHT="70" WIDTH="123" VPOS="992" HPOS="999" CONTENT="à" ID="tl_10_7" STYLEREFS="FONT0"/>
            <SP HEIGHT="70" WIDTH="25" VPOS="992" HPOS="1123"/>
            <String HEIGHT="70" WIDTH="222" VPOS="992" HPOS="1024" CONTENT="Nonant," ID="tl_10_8" STYLEREFS="FONT0"/>
          </TextLine>
          <TextLine ID="tl_11" BASELINE="1157" HEIGHT="95" WIDTH="542" VPOS="1062" HPOS="211">
            <String HEIGHT="95" WIDTH="370" VPOS="1062" HPOS="186" CONTENT="département" ID="tl_11_1" STYLEREFS="FONT0"/>
            <SP HEIGHT="95" WIDTH="25" VPOS="1062" HPOS="556"/>
            <String HEIGHT="95" WIDTH="148" VPOS="1062" HPOS="482" CONTENT="de" ID="tl_11_2" STYLEREFS="FONT0"/>
            <SP HEIGHT="95" WIDTH="25" VPOS="1062" HPOS="630"/>
            <String HEIGHT="95" WIDTH="222" VPOS="1062" HPOS="531" CONTENT="l’Orne." ID="tl_11_3" STYLEREFS="FONT0"/>
          </TextLine>
        </TextBlock>
        <TextBlock ID="r_2_2" HEIGHT="65" WIDTH="953" VPOS="1196" HPOS="138">
          <TextLine ID="tl_12" BASELINE="1295" HEIGHT="113" WIDTH="965" VPOS="1182" HPOS="132">
            <String HEIGHT="113" WIDTH="199" VPOS="1182" HPOS="104" CONTENT="41." ID="tl_12_1" STYLEREFS="FONT0"/>
            <SP HEIGHT="113" WIDTH="28" VPOS="1182" HPOS="302"/>
            <String HEIGHT="113" WIDTH="369" VPOS="1182" HPOS="217" CONTENT="L’enfance" ID="tl_12_2" STYLEREFS="FONT0"/>
            <SP HEIGHT="113" WIDTH="28" VPOS="1182" HPOS="586"/>
            <String HEIGHT="113" WIDTH="170" VPOS="1182" HPOS="501" CONTENT="de" ID="tl_12_3" STYLEREFS="FONT0"/>
            <SP HEIGHT="113" WIDTH="28" VPOS="1182" HPOS="671"/>
            <String HEIGHT="113" WIDTH="227" VPOS="1182" HPOS="586" CONTENT="Paul" ID="tl_12_4" STYLEREFS="FONT0"/>
            <SP HEIGHT="113" WIDTH="28" VPOS="1182" HPOS="813"/>
            <String HEIGHT="113" WIDTH="170" VPOS="1182" HPOS="728" CONTENT="et" ID="tl_12_5" STYLEREFS="FONT0"/>
            <SP HEIGHT="113" WIDTH="28" VPOS="1182" HPOS="898"/>
            <String HEIGHT="113" WIDTH="312" VPOS="1182" HPOS="785" CONTENT="Virginie." ID="tl_12_6" STYLEREFS="FONT0"/>
          </TextLine>
        </TextBlock>
        <TextBlock ID="r_2_3" HEIGHT="434" WIDTH="1135" VPOS="1316" HPOS="133">
          <TextLine ID="tl_13" BASELINE="1376" HEIGHT="86" WIDTH="1080" VPOS="1290" HPOS="188">
            <String HEIGHT="86" WIDTH="154" VPOS="1290" HPOS="162" CONTENT="Ce" ID="tl_13_1" STYLEREFS="FONT0"/>
            <SP HEIGHT="86" WIDTH="26" VPOS="1290" HPOS="317"/>
            <String HEIGHT="86" WIDTH="231" VPOS="1290" HPOS="239" CONTENT="sujet" ID="tl_13_2" STYLEREFS="FONT0"/>
            <SP HEIGHT="86" WIDTH="26" VPOS="1290" HPOS="471"/>
            <String HEIGHT="86" WIDTH="180" VPOS="1290" HPOS="394" CONTENT="est" ID="tl_13_3" STYLEREFS="FONT0"/>
            <SP HEIGHT="86" WIDTH="26" VPOS="1290" HPOS="574"/>
            <String HEIGHT="86" WIDTH="206" VPOS="1290" HPOS="497" CONTENT="tiré" ID="tl_13_4" STYLEREFS="FONT0"/>
            <SP HEIGHT="86" WIDTH="26" VPOS="1290" HPOS="702"/>
            <String HEIGHT="86" WIDTH="180" VPOS="1290" HPOS="625" CONTENT="des" ID="tl_13_5" STYLEREFS="FONT0"/>
            <SP HEIGHT="86" WIDTH="26" VPOS="1290" HPOS="805"/>
            <String HEIGHT="86" WIDTH="257" VPOS="1290" HPOS="728" CONTENT="études" ID="tl_13_6" STYLEREFS="FONT0"/>
            <SP HEIGHT="86" WIDTH="26" VPOS="1290" HPOS="985"/>
            <String HEIGHT="86" WIDTH="154" VPOS="1290" HPOS="908" CONTENT="de" ID="tl_13_7" STYLEREFS="FONT0"/>
            <SP HEIGHT="86" WIDTH="26" VPOS="1290" HPOS="1062"/>
            <String HEIGHT="86" WIDTH="154" VPOS="1290" HPOS="985" CONTENT="la" ID="tl_13_8" STYLEREFS="FONT0"/>
            <SP HEIGHT="86" WIDTH="26" VPOS="1290" HPOS="1139"/>
            <String HEIGHT="86" WIDTH="231" VPOS="1290" HPOS="1037" CONTENT="nature," ID="tl_13_9" STYLEREFS="FONT0"/>
          </TextLine>
          <TextLine ID="tl_14" BASELINE="1456" HEIGHT="91" WIDTH="1146" VPOS="1365" HPOS="128">
            <String HEIGHT="91" WIDTH="287" VPOS="1365" HPOS="102" CONTENT="ouvrage" ID="tl_14_1" STYLEREFS="FONT0"/>
            <SP HEIGHT="91" WIDTH="26" VPOS="1365" HPOS="388"/>
            <String HEIGHT="91" WIDTH="156" VPOS="1365" HPOS="310" CONTENT="de" ID="tl_14_2" STYLEREFS="FONT0"/>
            <SP HEIGHT="91" WIDTH="26" VPOS="1365" HPOS="467"/>
            <String HEIGHT="91" WIDTH="339" VPOS="1365" HPOS="388" CONTENT="Bernardin" ID="tl_14_3" STYLEREFS="FONT0"/>
            <SP HEIGHT="91" WIDTH="26" VPOS="1365" HPOS="727"/>
            <String HEIGHT="91" WIDTH="156" VPOS="1365" HPOS="649" CONTENT="de" ID="tl_14_4" STYLEREFS="FONT0"/>
            <SP HEIGHT="91" WIDTH="26" VPOS="1365" HPOS="805"/>
            <String HEIGHT="91" WIDTH="443" VPOS="1365" HPOS="727" CONTENT="Saint-Pierre." ID="tl_14_5" STYLEREFS="FONT0"/>
            <SP HEIGHT="91" WIDTH="26" VPOS="1365" HPOS="1170"/>
            <String HEIGHT="91" WIDTH="156" VPOS="1365" HPOS="1092" CONTENT="On" ID="tl_14_6" STYLEREFS="FONT0"/>
            <SP HEIGHT="91" WIDTH="26" VPOS="1365" HPOS="1248"/>
            <String HEIGHT="91" WIDTH="130" VPOS="1365" HPOS="1144" CONTENT="dit" ID="tl_14_7" STYLEREFS="FONT0"/>
          </TextLine>
          <TextLine ID="tl_15" BASELINE="1542" HEIGHT="87" WIDTH="1143" VPOS="1455" HPOS="128">
            <String HEIGHT="87" WIDTH="149" VPOS="1455" HPOS="103" CONTENT="qu" ID="tl_15_1" STYLEREFS="FONT0"/>
            <SP HEIGHT="87" WIDTH="25" VPOS="1455" HPOS="252"/>
            <String HEIGHT="87" WIDTH="149" VPOS="1455" HPOS="178" CONTENT="un" ID="tl_15_2" STYLEREFS="FONT0"/>
            <SP HEIGHT="87" WIDTH="25" VPOS="1455" HPOS="327"/>
            <String HEIGHT="87" WIDTH="199" VPOS="1455" HPOS="252" CONTENT="fait" ID="tl_15_3" STYLEREFS="FONT0"/>
            <SP HEIGHT="87" WIDTH="25" VPOS="1455" HPOS="451"/>
            <String HEIGHT="87" WIDTH="248" VPOS="1455" HPOS="376" CONTENT="arrivé" ID="tl_15_4" STYLEREFS="FONT0"/>
            <SP HEIGHT="87" WIDTH="25" VPOS="1455" HPOS="625"/>
            <String HEIGHT="87" WIDTH="124" VPOS="1455" HPOS="550" CONTENT="à" ID="tl_15_5" STYLEREFS="FONT0"/>
            <SP HEIGHT="87" WIDTH="25" VPOS="1455" HPOS="675"/>
            <String HEIGHT="87" WIDTH="472" VPOS="1455" HPOS="600" CONTENT="l’Ile-de-France" ID="tl_15_6" STYLEREFS="FONT0"/>
            <SP HEIGHT="87" WIDTH="25" VPOS="1455" HPOS="1072"/>
            <String HEIGHT="87" WIDTH="124" VPOS="1455" HPOS="998" CONTENT="a" ID="tl_15_7" STYLEREFS="FONT0"/>
            <SP HEIGHT="87" WIDTH="25" VPOS="1455" HPOS="1122"/>
            <String HEIGHT="87" WIDTH="248" VPOS="1455" HPOS="1047" CONTENT="fourni" ID="tl_15_8" STYLEREFS="FONT0"/>
            <SP HEIGHT="87" WIDTH="25" VPOS="1455" HPOS="1296"/>
            <String HEIGHT="87" WIDTH="75" VPOS="1455" HPOS="1196" CONTENT="à" ID="tl_15_9" STYLEREFS="FONT0"/>
          </TextLine>
          <TextLine ID="tl_16" BASELINE="1611" HEIGHT="75" WIDTH="1144" VPOS="1536" HPOS="127">
            <String HEIGHT="75" WIDTH="163" VPOS="1536" HPOS="104" CONTENT="cet" ID="tl_16_1" STYLEREFS="FONT0"/>
            <SP HEIGHT="75" WIDTH="23" VPOS="1536" HPOS="267"/>
            <String HEIGHT="75" WIDTH="233" VPOS="1536" HPOS="197" CONTENT="auteur" ID="tl_16_2" STYLEREFS="FONT0"/>
            <SP HEIGHT="75" WIDTH="23" VPOS="1536" HPOS="431"/>
            <String HEIGHT="75" WIDTH="140" VPOS="1536" HPOS="360" CONTENT="la" ID="tl_16_3" STYLEREFS="FONT0"/>
            <SP HEIGHT="75" WIDTH="23" VPOS="1536" HPOS="501"/>
            <String HEIGHT="75" WIDTH="257" VPOS="1536" HPOS="431" CONTENT="matière" ID="tl_16_4" STYLEREFS="FONT0"/>
            <SP HEIGHT="75" WIDTH="23" VPOS="1536" HPOS="687"/>
            <String HEIGHT="75" WIDTH="140" VPOS="1536" HPOS="617" CONTENT="de" ID="tl_16_5" STYLEREFS="FONT0"/>
            <SP HEIGHT="75" WIDTH="23" VPOS="1536" HPOS="757"/>
            <String HEIGHT="75" WIDTH="163" VPOS="1536" HPOS="687" CONTENT="cet" ID="tl_16_6" STYLEREFS="FONT0"/>
            <SP HEIGHT="75" WIDTH="23" VPOS="1536" HPOS="851"/>
            <String HEIGHT="75" WIDTH="350" VPOS="1536" HPOS="781" CONTENT="intéressant" ID="tl_16_7" STYLEREFS="FONT0"/>
            <SP HEIGHT="75" WIDTH="23" VPOS="1536" HPOS="1131"/>
            <String HEIGHT="75" WIDTH="233" VPOS="1536" HPOS="1038" CONTENT="épisode." ID="tl_16_8" STYLEREFS="FONT0"/>
          </TextLine>
          <TextLine ID="tl_17" BASELINE="1691" HEIGHT="89" WIDTH="1139" VPOS="1602" HPOS="129">
            <String HEIGHT="89" WIDTH="212" VPOS="1602" HPOS="103" CONTENT="Nous" ID="tl_17_1" STYLEREFS="FONT0"/>
            <SP HEIGHT="89" WIDTH="26" VPOS="1602" HPOS="314"/>
            <String HEIGHT="89" WIDTH="212" VPOS="1602" HPOS="235" CONTENT="nous" ID="tl_17_2" STYLEREFS="FONT0"/>
            <SP HEIGHT="89" WIDTH="26" VPOS="1602" HPOS="447"/>
            <String HEIGHT="89" WIDTH="291" VPOS="1602" HPOS="367" CONTENT="bornons" ID="tl_17_3" STYLEREFS="FONT0"/>
            <SP HEIGHT="89" WIDTH="26" VPOS="1602" HPOS="659"/>
            <String HEIGHT="89" WIDTH="132" VPOS="1602" HPOS="579" CONTENT="à" ID="tl_17_4" STYLEREFS="FONT0"/>
            <SP HEIGHT="89" WIDTH="26" VPOS="1602" HPOS="712"/>
            <String HEIGHT="89" WIDTH="159" VPOS="1602" HPOS="632" CONTENT="en" ID="tl_17_5" STYLEREFS="FONT0"/>
            <SP HEIGHT="89" WIDTH="26" VPOS="1602" HPOS="791"/>
            <String HEIGHT="89" WIDTH="265" VPOS="1602" HPOS="712" CONTENT="donner" ID="tl_17_6" STYLEREFS="FONT0"/>
            <SP HEIGHT="89" WIDTH="26" VPOS="1602" HPOS="977"/>
            <String HEIGHT="89" WIDTH="185" VPOS="1602" HPOS="897" CONTENT="ici" ID="tl_17_7" STYLEREFS="FONT0"/>
            <SP HEIGHT="89" WIDTH="26" VPOS="1602" HPOS="1083"/>
            <String HEIGHT="89" WIDTH="291" VPOS="1602" HPOS="977" CONTENT="l’analyse" ID="tl_17_8" STYLEREFS="FONT0"/>
          </TextLine>
          <TextLine ID="tl_18" BASELINE="1757" HEIGHT="85" WIDTH="795" VPOS="1672" HPOS="130">
            <String HEIGHT="85" WIDTH="193" VPOS="1672" HPOS="106" CONTENT="pour" ID="tl_18_1" STYLEREFS="FONT0"/>
            <SP HEIGHT="85" WIDTH="24" VPOS="1672" HPOS="299"/>
            <String HEIGHT="85" WIDTH="410" VPOS="1672" HPOS="226" CONTENT="l’explication" ID="tl_18_2" STYLEREFS="FONT0"/>
            <SP HEIGHT="85" WIDTH="24" VPOS="1672" HPOS="636"/>
            <String HEIGHT="85" WIDTH="145" VPOS="1672" HPOS="564" CONTENT="de" ID="tl_18_3" STYLEREFS="FONT0"/>
            <SP HEIGHT="85" WIDTH="24" VPOS="1672" HPOS="708"/>
            <String HEIGHT="85" WIDTH="145" VPOS="1672" HPOS="636" CONTENT="ce" ID="tl_18_4" STYLEREFS="FONT0"/>
            <SP HEIGHT="85" WIDTH="24" VPOS="1672" HPOS="780"/>
            <String HEIGHT="85" WIDTH="241" VPOS="1672" HPOS="684" CONTENT="tableau." ID="tl_18_5" STYLEREFS="FONT0"/>
          </TextLine>
        </TextBlock>
        <TextBlock ID="r_2_4" HEIGHT="470" WIDTH="1024" VPOS="1807" HPOS="239">
          <TextLine ID="tl_19" BASELINE="1858" HEIGHT="81" WIDTH="983" VPOS="1777" HPOS="287">
            <String HEIGHT="81" WIDTH="155" VPOS="1777" HPOS="261" CONTENT="En" ID="tl_19_1" STYLEREFS="FONT0"/>
            <SP HEIGHT="81" WIDTH="26" VPOS="1777" HPOS="416"/>
            <String HEIGHT="81" WIDTH="233" VPOS="1777" HPOS="339" CONTENT="1726," ID="tl_19_2" STYLEREFS="FONT0"/>
            <SP HEIGHT="81" WIDTH="26" VPOS="1777" HPOS="572"/>
            <String HEIGHT="81" WIDTH="155" VPOS="1777" HPOS="494" CONTENT="un" ID="tl_19_3" STYLEREFS="FONT0"/>
            <SP HEIGHT="81" WIDTH="26" VPOS="1777" HPOS="649"/>
            <String HEIGHT="81" WIDTH="310" VPOS="1777" HPOS="572" CONTENT="officier" ID="tl_19_4" STYLEREFS="FONT0"/>
            <SP HEIGHT="81" WIDTH="26" VPOS="1777" HPOS="882"/>
            <String HEIGHT="81" WIDTH="310" VPOS="1777" HPOS="804" CONTENT="françois" ID="tl_19_5" STYLEREFS="FONT0"/>
            <SP HEIGHT="81" WIDTH="26" VPOS="1777" HPOS="1115"/>
            <String HEIGHT="81" WIDTH="233" VPOS="1777" HPOS="1037" CONTENT="nommé" ID="tl_19_6" STYLEREFS="FONT0"/>
            <SP HEIGHT="81" WIDTH="26" VPOS="1777" HPOS="1270"/>
            <String HEIGHT="81" WIDTH="103" VPOS="1777" HPOS="1167" CONTENT="de" ID="tl_19_7" STYLEREFS="FONT0"/>
          </TextLine>
          <TextLine ID="tl_20" BASELINE="1940" HEIGHT="73" WIDTH="1033" VPOS="1867" HPOS="234">
            <String HEIGHT="73" WIDTH="135" VPOS="1867" HPOS="212" CONTENT="La" ID="tl_20_1" STYLEREFS="FONT0"/>
            <SP HEIGHT="73" WIDTH="22" VPOS="1867" HPOS="346"/>
            <String HEIGHT="73" WIDTH="202" VPOS="1867" HPOS="279" CONTENT="Tour," ID="tl_20_2" STYLEREFS="FONT0"/>
            <SP HEIGHT="73" WIDTH="22" VPOS="1867" HPOS="481"/>
            <String HEIGHT="73" WIDTH="247" VPOS="1867" HPOS="414" CONTENT="n’ayant" ID="tl_20_3" STYLEREFS="FONT0"/>
            <SP HEIGHT="73" WIDTH="22" VPOS="1867" HPOS="661"/>
            <String HEIGHT="73" WIDTH="135" VPOS="1867" HPOS="593" CONTENT="pu" ID="tl_20_4" STYLEREFS="FONT0"/>
            <SP HEIGHT="73" WIDTH="22" VPOS="1867" HPOS="728"/>
            <String HEIGHT="73" WIDTH="247" VPOS="1867" HPOS="661" CONTENT="obtenir" ID="tl_20_5" STYLEREFS="FONT0"/>
            <SP HEIGHT="73" WIDTH="22" VPOS="1867" HPOS="908"/>
            <String HEIGHT="73" WIDTH="135" VPOS="1867" HPOS="840" CONTENT="de" ID="tl_20_6" STYLEREFS="FONT0"/>
            <SP HEIGHT="73" WIDTH="22" VPOS="1867" HPOS="975"/>
            <String HEIGHT="73" WIDTH="247" VPOS="1867" HPOS="908" CONTENT="service" ID="tl_20_7" STYLEREFS="FONT0"/>
            <SP HEIGHT="73" WIDTH="22" VPOS="1867" HPOS="1155"/>
            <String HEIGHT="73" WIDTH="180" VPOS="1867" HPOS="1087" CONTENT="dans" ID="tl_20_8" STYLEREFS="FONT0"/>
            <SP HEIGHT="73" WIDTH="22" VPOS="1867" HPOS="1267"/>
            <String HEIGHT="73" WIDTH="90" VPOS="1867" HPOS="1177" CONTENT="sa" ID="tl_20_9" STYLEREFS="FONT0"/>
          </TextLine>
          <TextLine ID="tl_21" BASELINE="2005" HEIGHT="64" WIDTH="1034" VPOS="1941" HPOS="232">
            <String HEIGHT="64" WIDTH="265" VPOS="1941" HPOS="208" CONTENT="patrie," ID="tl_21_1" STYLEREFS="FONT0"/>
            <SP HEIGHT="64" WIDTH="24" VPOS="1941" HPOS="472"/>
            <String HEIGHT="64" WIDTH="216" VPOS="1941" HPOS="400" CONTENT="passa" ID="tl_21_2" STYLEREFS="FONT0"/>
            <SP HEIGHT="64" WIDTH="24" VPOS="1941" HPOS="617"/>
            <String HEIGHT="64" WIDTH="192" VPOS="1941" HPOS="545" CONTENT="dans" ID="tl_21_3" STYLEREFS="FONT0"/>
            <SP HEIGHT="64" WIDTH="24" VPOS="1941" HPOS="737"/>
            <String HEIGHT="64" WIDTH="457" VPOS="1941" HPOS="665" CONTENT="l’Ile-de-France" ID="tl_21_4" STYLEREFS="FONT0"/>
            <SP HEIGHT="64" WIDTH="24" VPOS="1941" HPOS="1122"/>
            <String HEIGHT="64" WIDTH="192" VPOS="1941" HPOS="1050" CONTENT="avec" ID="tl_21_5" STYLEREFS="FONT0"/>
            <SP HEIGHT="64" WIDTH="24" VPOS="1941" HPOS="1242"/>
            <String HEIGHT="64" WIDTH="120" VPOS="1941" HPOS="1146" CONTENT="son" ID="tl_21_6" STYLEREFS="FONT0"/>
          </TextLine>
          <TextLine ID="tl_22" BASELINE="2075" HEIGHT="72" WIDTH="1033" VPOS="2003" HPOS="235">
            <String HEIGHT="72" WIDTH="247" VPOS="2003" HPOS="213" CONTENT="épouse." ID="tl_22_1" STYLEREFS="FONT0"/>
            <SP HEIGHT="72" WIDTH="22" VPOS="2003" HPOS="460"/>
            <String HEIGHT="72" WIDTH="157" VPOS="2003" HPOS="392" CONTENT="Peu" ID="tl_22_2" STYLEREFS="FONT0"/>
            <SP HEIGHT="72" WIDTH="22" VPOS="2003" HPOS="549"/>
            <String HEIGHT="72" WIDTH="135" VPOS="2003" HPOS="482" CONTENT="de" ID="tl_22_3" STYLEREFS="FONT0"/>
            <SP HEIGHT="72" WIDTH="22" VPOS="2003" HPOS="617"/>
            <String HEIGHT="72" WIDTH="202" VPOS="2003" HPOS="549" CONTENT="temps" ID="tl_22_4" STYLEREFS="FONT0"/>
            <SP HEIGHT="72" WIDTH="22" VPOS="2003" HPOS="752"/>
            <String HEIGHT="72" WIDTH="202" VPOS="2003" HPOS="684" CONTENT="après" ID="tl_22_5" STYLEREFS="FONT0"/>
            <SP HEIGHT="72" WIDTH="22" VPOS="2003" HPOS="886"/>
            <String HEIGHT="72" WIDTH="157" VPOS="2003" HPOS="819" CONTENT="cet" ID="tl_22_6" STYLEREFS="FONT0"/>
            <SP HEIGHT="72" WIDTH="22" VPOS="2003" HPOS="976"/>
            <String HEIGHT="72" WIDTH="269" VPOS="2003" HPOS="909" CONTENT="officier" ID="tl_22_7" STYLEREFS="FONT0"/>
            <SP HEIGHT="72" WIDTH="22" VPOS="2003" HPOS="1178"/>
            <String HEIGHT="72" WIDTH="180" VPOS="2003" HPOS="1088" CONTENT="mourut" ID="tl_22_8" STYLEREFS="FONT0"/>
          </TextLine>
          <TextLine ID="tl_23" BASELINE="2137" HEIGHT="72" WIDTH="1030" VPOS="2065" HPOS="238">
            <String HEIGHT="72" WIDTH="179" VPOS="2065" HPOS="216" CONTENT="dans" ID="tl_23_1" STYLEREFS="FONT0"/>
            <SP HEIGHT="72" WIDTH="22" VPOS="2065" HPOS="395"/>
            <String HEIGHT="72" WIDTH="134" VPOS="2065" HPOS="328" CONTENT="un" ID="tl_23_2" STYLEREFS="FONT0"/>
            <SP HEIGHT="72" WIDTH="22" VPOS="2065" HPOS="462"/>
            <String HEIGHT="72" WIDTH="224" VPOS="2065" HPOS="395" CONTENT="voyage" ID="tl_23_3" STYLEREFS="FONT0"/>
            <SP HEIGHT="72" WIDTH="22" VPOS="2065" HPOS="619"/>
            <String HEIGHT="72" WIDTH="202" VPOS="2065" HPOS="551" CONTENT="qu’il" ID="tl_23_4" STYLEREFS="FONT0"/>
            <SP HEIGHT="72" WIDTH="22" VPOS="2065" HPOS="753"/>
            <String HEIGHT="72" WIDTH="202" VPOS="2065" HPOS="686" CONTENT="avoit" ID="tl_23_5" STYLEREFS="FONT0"/>
            <SP HEIGHT="72" WIDTH="22" VPOS="2065" HPOS="887"/>
            <String HEIGHT="72" WIDTH="313" VPOS="2065" HPOS="820" CONTENT="entrepris," ID="tl_23_6" STYLEREFS="FONT0"/>
            <SP HEIGHT="72" WIDTH="22" VPOS="2065" HPOS="1134"/>
            <String HEIGHT="72" WIDTH="224" VPOS="2065" HPOS="1044" CONTENT="laissant" ID="tl_23_7" STYLEREFS="FONT0"/>
          </TextLine>
          <TextLine ID="tl_24" BASELINE="2207" HEIGHT="52" WIDTH="1034" VPOS="2155" HPOS="233">
            <String HEIGHT="52" WIDTH="144" VPOS="2155" HPOS="209" CONTENT="sa" ID="tl_24_1" STYLEREFS="FONT0"/>
            <SP HEIGHT="52" WIDTH="24" VPOS="2155" HPOS="353"/>
            <String HEIGHT="52" WIDTH="216" VPOS="2155" HPOS="281" CONTENT="femme" ID="tl_24_2" STYLEREFS="FONT0"/>
            <SP HEIGHT="52" WIDTH="24" VPOS="2155" HPOS="498"/>
            <String HEIGHT="52" WIDTH="289" VPOS="2155" HPOS="425" CONTENT="enceinte" ID="tl_24_3" STYLEREFS="FONT0"/>
            <SP HEIGHT="52" WIDTH="24" VPOS="2155" HPOS="714"/>
            <String HEIGHT="52" WIDTH="144" VPOS="2155" HPOS="642" CONTENT="et" ID="tl_24_4" STYLEREFS="FONT0"/>
            <SP HEIGHT="52" WIDTH="24" VPOS="2155" HPOS="786"/>
            <String HEIGHT="52" WIDTH="192" VPOS="2155" HPOS="714" CONTENT="sans" ID="tl_24_5" STYLEREFS="FONT0"/>
            <SP HEIGHT="52" WIDTH="24" VPOS="2155" HPOS="906"/>
            <String HEIGHT="52" WIDTH="240" VPOS="2155" HPOS="834" CONTENT="aucune" ID="tl_24_6" STYLEREFS="FONT0"/>
            <SP HEIGHT="52" WIDTH="24" VPOS="2155" HPOS="1075"/>
            <String HEIGHT="52" WIDTH="289" VPOS="2155" HPOS="978" CONTENT="ressource." ID="tl_24_7" STYLEREFS="FONT0"/>
          </TextLine>
          <TextLine ID="tl_25" BASELINE="2280" HEIGHT="78" WIDTH="1007" VPOS="2202" HPOS="232">
            <String HEIGHT="78" WIDTH="196" VPOS="2202" HPOS="204" CONTENT="Une" ID="tl_25_1" STYLEREFS="FONT0"/>
            <SP HEIGHT="78" WIDTH="28" VPOS="2202" HPOS="400"/>
            <String HEIGHT="78" WIDTH="252" VPOS="2202" HPOS="316" CONTENT="jeune" ID="tl_25_2" STYLEREFS="FONT0"/>
            <SP HEIGHT="78" WIDTH="28" VPOS="2202" HPOS="568"/>
            <String HEIGHT="78" WIDTH="336" VPOS="2202" HPOS="484" CONTENT="Bretonne" ID="tl_25_3" STYLEREFS="FONT0"/>
            <SP HEIGHT="78" WIDTH="28" VPOS="2202" HPOS="819"/>
            <String HEIGHT="78" WIDTH="280" VPOS="2202" HPOS="736" CONTENT="nommée" ID="tl_25_4" STYLEREFS="FONT0"/>
            <SP HEIGHT="78" WIDTH="28" VPOS="2202" HPOS="1015"/>
            <String HEIGHT="78" WIDTH="336" VPOS="2202" HPOS="903" CONTENT="Marguerite" ID="tl_25_5" STYLEREFS="FONT0"/>
          </TextLine>
        </TextBlock>
        <GraphicalElement ID="r_3" HEIGHT="11" WIDTH="921" VPOS="47" HPOS="156"/>
        <GraphicalElement ID="r_4" HEIGHT="11" WIDTH="392" VPOS="52" HPOS="1114"/>
        <GraphicalElement ID="r_5" HEIGHT="5" WIDTH="189" VPOS="853" HPOS="606"/>
        <GraphicalElement ID="r_6" HEIGHT="1120" WIDTH="28" VPOS="1580" HPOS="37"/>
        <GraphicalElement ID="r_7" HEIGHT="1501" WIDTH="21" VPOS="76" HPOS="60"/>
        <GraphicalElement ID="r_8" HEIGHT="197" WIDTH="9" VPOS="55" HPOS="1465"/>
        <GraphicalElement ID="r_9" HEIGHT="248" WIDTH="7" VPOS="1502" HPOS="1477"/>
        <GraphicalElement ID="r_10" HEIGHT="306" WIDTH="21" VPOS="57" HPOS="1489"/>
        <GraphicalElement ID="r_11" HEIGHT="745" WIDTH="11" VPOS="363" HPOS="1490"/>
        <GraphicalElement ID="r_12" HEIGHT="118" WIDTH="5" VPOS="1656" HPOS="1491"/>
        <GraphicalElement ID="r_13" HEIGHT="325" WIDTH="13" VPOS="2137" HPOS="1493"/>
        <GraphicalElement ID="r_14" HEIGHT="738" WIDTH="9" VPOS="352" HPOS="1499"/>
      </PrintSpace>
    </Page>
  </Layout>
</alto>
