<alto xmlns:xsi="http://www.w3.org/2001/XMLSchema-instance" xmlns="http://www.loc.gov/standards/alto/ns-v2#" xmlns:page="http://schema.primaresearch.org/PAGE/gts/pagecontent/2013-07-15" xsi:schemaLocation="http://www.loc.gov/standards/alto/ns-v2# http://www.loc.gov/standards/alto/alto.xsd">
  <Description>
    <MeasurementUnit>pixel</MeasurementUnit>
    <sourceImageInformation>
         <fileName>56.jpg</fileName>
      </sourceImageInformation>
    <OCRProcessing ID="IdOcr">
      <ocrProcessingStep>
        <processingDateTime>2020-10-31T11:12:52.545+01:00</processingDateTime>
        <processingSoftware>
               <softwareCreator>CONTRIBUTORS</softwareCreator>
               <softwareName>pdfalto</softwareName>
               <softwareVersion>0.1</softwareVersion>
            </processingSoftware>
      </ocrProcessingStep>
    </OCRProcessing>
  </Description>
  <Styles>
   <TextStyle ID="FONT0" FONTFAMILY="unknown" FONTSIZE="unknown" FONTSTYLE=""/>
   <TextStyle ID="FONT1" FONTFAMILY="unknown" FONTSIZE="unknown" FONTSTYLE="bold"/>
   <TextStyle ID="FONT2" FONTFAMILY="unknown" FONTSIZE="unknown" FONTSTYLE="italics"/>
  </Styles>
  <Tags/>
  <Layout>
    <Page ID="Page1" PHYSICAL_IMG_NR="1" HEIGHT="2748" WIDTH="1584">
      <PrintSpace HEIGHT="2552" WIDTH="1527" VPOS="118" HPOS="0">
        <TextBlock ID="r_1_1" HEIGHT="64" WIDTH="160" VPOS="186" HPOS="730">
          <TextLine ID="tl_1" BASELINE="267" HEIGHT="104" WIDTH="174" VPOS="163" HPOS="723">
            <String HEIGHT="104" WIDTH="174" VPOS="163" HPOS="688" CONTENT="(" ID="tl_1_1" STYLEREFS="FONT0"/>
            <SP HEIGHT="104" WIDTH="35" VPOS="163" HPOS="862"/>
            <String HEIGHT="104" WIDTH="174" VPOS="163" HPOS="723" CONTENT="46)" ID="tl_1_2" STYLEREFS="FONT0"/>
          </TextLine>
        </TextBlock>
        <TextBlock ID="r_1_2" HEIGHT="195" WIDTH="1035" VPOS="281" HPOS="347">
          <TextLine ID="tl_2" BASELINE="349" HEIGHT="91" WIDTH="1047" VPOS="258" HPOS="342">
            <String HEIGHT="91" WIDTH="170" VPOS="258" HPOS="318" CONTENT="pas" ID="tl_2_1" STYLEREFS="FONT0"/>
            <SP HEIGHT="91" WIDTH="24" VPOS="258" HPOS="488"/>
            <String HEIGHT="91" WIDTH="146" VPOS="258" HPOS="415" CONTENT="ce" ID="tl_2_2" STYLEREFS="FONT0"/>
            <SP HEIGHT="91" WIDTH="24" VPOS="258" HPOS="561"/>
            <String HEIGHT="91" WIDTH="219" VPOS="258" HPOS="488" CONTENT="crime" ID="tl_2_3" STYLEREFS="FONT0"/>
            <SP HEIGHT="91" WIDTH="24" VPOS="258" HPOS="707"/>
            <String HEIGHT="91" WIDTH="268" VPOS="258" HPOS="634" CONTENT="impuni:" ID="tl_2_4" STYLEREFS="FONT0"/>
            <SP HEIGHT="91" WIDTH="24" VPOS="258" HPOS="902"/>
            <String HEIGHT="91" WIDTH="268" VPOS="258" HPOS="829" CONTENT="Neptune" ID="tl_2_5" STYLEREFS="FONT0"/>
            <SP HEIGHT="91" WIDTH="24" VPOS="258" HPOS="1097"/>
            <String HEIGHT="91" WIDTH="317" VPOS="258" HPOS="1024" CONTENT="engloutit" ID="tl_2_6" STYLEREFS="FONT0"/>
            <SP HEIGHT="91" WIDTH="24" VPOS="258" HPOS="1340"/>
            <String HEIGHT="91" WIDTH="146" VPOS="258" HPOS="1243" CONTENT="Ajax" ID="tl_2_7" STYLEREFS="FONT0"/>
          </TextLine>
          <TextLine ID="tl_3" BASELINE="398" HEIGHT="61" WIDTH="1046" VPOS="337" HPOS="341">
            <String HEIGHT="61" WIDTH="195" VPOS="337" HPOS="317" CONTENT="dans" ID="tl_3_1" STYLEREFS="FONT0"/>
            <SP HEIGHT="61" WIDTH="24" VPOS="337" HPOS="511"/>
            <String HEIGHT="61" WIDTH="170" VPOS="337" HPOS="438" CONTENT="les" ID="tl_3_2" STYLEREFS="FONT0"/>
            <SP HEIGHT="61" WIDTH="24" VPOS="337" HPOS="609"/>
            <String HEIGHT="61" WIDTH="195" VPOS="337" HPOS="536" CONTENT="eaux" ID="tl_3_3" STYLEREFS="FONT0"/>
            <SP HEIGHT="61" WIDTH="24" VPOS="337" HPOS="730"/>
            <String HEIGHT="61" WIDTH="146" VPOS="337" HPOS="657" CONTENT="au" ID="tl_3_4" STYLEREFS="FONT0"/>
            <SP HEIGHT="61" WIDTH="24" VPOS="337" HPOS="803"/>
            <String HEIGHT="61" WIDTH="243" VPOS="337" HPOS="730" CONTENT="moment" ID="tl_3_5" STYLEREFS="FONT0"/>
            <SP HEIGHT="61" WIDTH="24" VPOS="337" HPOS="973"/>
            <String HEIGHT="61" WIDTH="146" VPOS="337" HPOS="900" CONTENT="où" ID="tl_3_6" STYLEREFS="FONT0"/>
            <SP HEIGHT="61" WIDTH="24" VPOS="337" HPOS="1046"/>
            <String HEIGHT="61" WIDTH="146" VPOS="337" HPOS="973" CONTENT="il" ID="tl_3_7" STYLEREFS="FONT0"/>
            <SP HEIGHT="61" WIDTH="24" VPOS="337" HPOS="1119"/>
            <String HEIGHT="61" WIDTH="316" VPOS="337" HPOS="1046" CONTENT="échappoit" ID="tl_3_8" STYLEREFS="FONT0"/>
            <SP HEIGHT="61" WIDTH="24" VPOS="337" HPOS="1363"/>
            <String HEIGHT="61" WIDTH="122" VPOS="337" HPOS="1265" CONTENT="aux" ID="tl_3_9" STYLEREFS="FONT0"/>
          </TextLine>
          <TextLine ID="tl_4" BASELINE="489" HEIGHT="85" WIDTH="537" VPOS="404" HPOS="342">
            <String HEIGHT="85" WIDTH="269" VPOS="404" HPOS="318" CONTENT="dangers" ID="tl_4_1" STYLEREFS="FONT0"/>
            <SP HEIGHT="85" WIDTH="24" VPOS="404" HPOS="586"/>
            <String HEIGHT="85" WIDTH="195" VPOS="404" HPOS="513" CONTENT="d’un" ID="tl_4_2" STYLEREFS="FONT0"/>
            <SP HEIGHT="85" WIDTH="24" VPOS="404" HPOS="708"/>
            <String HEIGHT="85" WIDTH="269" VPOS="404" HPOS="611" CONTENT="naufrage." ID="tl_4_3" STYLEREFS="FONT0"/>
          </TextLine>
        </TextBlock>
        <TextBlock ID="r_1_3" HEIGHT="815" WIDTH="1037" VPOS="489" HPOS="346">
          <TextLine ID="tl_5" BASELINE="543" HEIGHT="66" WIDTH="993" VPOS="477" HPOS="395">
            <String HEIGHT="66" WIDTH="149" VPOS="477" HPOS="370" CONTENT="Le" ID="tl_5_1" STYLEREFS="FONT0"/>
            <SP HEIGHT="66" WIDTH="25" VPOS="477" HPOS="519"/>
            <String HEIGHT="66" WIDTH="273" VPOS="477" HPOS="445" CONTENT="peintre" ID="tl_5_2" STYLEREFS="FONT0"/>
            <SP HEIGHT="66" WIDTH="25" VPOS="477" HPOS="718"/>
            <String HEIGHT="66" WIDTH="124" VPOS="477" HPOS="643" CONTENT="a" ID="tl_5_3" STYLEREFS="FONT0"/>
            <SP HEIGHT="66" WIDTH="25" VPOS="477" HPOS="767"/>
            <String HEIGHT="66" WIDTH="348" VPOS="477" HPOS="693" CONTENT="représenté" ID="tl_5_4" STYLEREFS="FONT0"/>
            <SP HEIGHT="66" WIDTH="25" VPOS="477" HPOS="1040"/>
            <String HEIGHT="66" WIDTH="323" VPOS="477" HPOS="966" CONTENT="Cassandre" ID="tl_5_5" STYLEREFS="FONT0"/>
            <SP HEIGHT="66" WIDTH="25" VPOS="477" HPOS="1289"/>
            <String HEIGHT="66" WIDTH="199" VPOS="477" HPOS="1189" CONTENT="implo" SUBS_TYPE="HypPart1" SUBS_CONTENT="implorant" ID="tl_5_6" STYLEREFS="FONT0"/>
            <HYP CONTENT="-"/>
          </TextLine>
          <TextLine ID="tl_6" BASELINE="618" HEIGHT="69" WIDTH="1045" VPOS="549" HPOS="341">
            <String HEIGHT="69" WIDTH="204" VPOS="549" HPOS="316" CONTENT="rant" SUBS_TYPE="HypPart2" SUBS_CONTENT="implorant" ID="tl_6_1" STYLEREFS="FONT0"/>
            <SP HEIGHT="69" WIDTH="25" VPOS="549" HPOS="519"/>
            <String HEIGHT="69" WIDTH="153" VPOS="549" HPOS="443" CONTENT="la" ID="tl_6_2" STYLEREFS="FONT0"/>
            <SP HEIGHT="69" WIDTH="25" VPOS="549" HPOS="596"/>
            <String HEIGHT="69" WIDTH="331" VPOS="549" HPOS="519" CONTENT="vengeance" ID="tl_6_3" STYLEREFS="FONT0"/>
            <SP HEIGHT="69" WIDTH="25" VPOS="549" HPOS="851"/>
            <String HEIGHT="69" WIDTH="153" VPOS="549" HPOS="774" CONTENT="de" ID="tl_6_4" STYLEREFS="FONT0"/>
            <SP HEIGHT="69" WIDTH="25" VPOS="549" HPOS="927"/>
            <String HEIGHT="69" WIDTH="280" VPOS="549" HPOS="851" CONTENT="Minerve" ID="tl_6_5" STYLEREFS="FONT0"/>
            <SP HEIGHT="69" WIDTH="25" VPOS="549" HPOS="1131"/>
            <String HEIGHT="69" WIDTH="255" VPOS="549" HPOS="1055" CONTENT="contre" ID="tl_6_6" STYLEREFS="FONT0"/>
            <SP HEIGHT="69" WIDTH="25" VPOS="549" HPOS="1310"/>
            <String HEIGHT="69" WIDTH="178" VPOS="549" HPOS="1208" CONTENT="celui" ID="tl_6_7" STYLEREFS="FONT0"/>
          </TextLine>
          <TextLine ID="tl_7" BASELINE="695" HEIGHT="61" WIDTH="1049" VPOS="634" HPOS="340">
            <String HEIGHT="61" WIDTH="160" VPOS="634" HPOS="317" CONTENT="qui" ID="tl_7_1" STYLEREFS="FONT0"/>
            <SP HEIGHT="61" WIDTH="23" VPOS="634" HPOS="477"/>
            <String HEIGHT="61" WIDTH="160" VPOS="634" HPOS="408" CONTENT="l’a" ID="tl_7_2" STYLEREFS="FONT0"/>
            <SP HEIGHT="61" WIDTH="23" VPOS="634" HPOS="568"/>
            <String HEIGHT="61" WIDTH="296" VPOS="634" HPOS="500" CONTENT="outragée." ID="tl_7_3" STYLEREFS="FONT0"/>
            <SP HEIGHT="61" WIDTH="23" VPOS="634" HPOS="796"/>
            <String HEIGHT="61" WIDTH="137" VPOS="634" HPOS="728" CONTENT="On" ID="tl_7_4" STYLEREFS="FONT0"/>
            <SP HEIGHT="61" WIDTH="23" VPOS="634" HPOS="865"/>
            <String HEIGHT="61" WIDTH="182" VPOS="634" HPOS="796" CONTENT="voit" ID="tl_7_5" STYLEREFS="FONT0"/>
            <SP HEIGHT="61" WIDTH="23" VPOS="634" HPOS="979"/>
            <String HEIGHT="61" WIDTH="182" VPOS="634" HPOS="910" CONTENT="près" ID="tl_7_6" STYLEREFS="FONT0"/>
            <SP HEIGHT="61" WIDTH="23" VPOS="634" HPOS="1093"/>
            <String HEIGHT="61" WIDTH="228" VPOS="634" HPOS="1024" CONTENT="d’elle" ID="tl_7_7" STYLEREFS="FONT0"/>
            <SP HEIGHT="61" WIDTH="23" VPOS="634" HPOS="1252"/>
            <String HEIGHT="61" WIDTH="160" VPOS="634" HPOS="1184" CONTENT="une" ID="tl_7_8" STYLEREFS="FONT0"/>
            <SP HEIGHT="61" WIDTH="23" VPOS="634" HPOS="1343"/>
            <String HEIGHT="61" WIDTH="137" VPOS="634" HPOS="1252" CONTENT="cou" SUBS_TYPE="HypPart1" SUBS_CONTENT="couronne" ID="tl_7_9" STYLEREFS="FONT0"/>
            <HYP CONTENT="-"/>
          </TextLine>
          <TextLine ID="tl_8" BASELINE="755" HEIGHT="67" WIDTH="1046" VPOS="688" HPOS="343">
            <String HEIGHT="67" WIDTH="230" VPOS="688" HPOS="317" CONTENT="ronne" SUBS_TYPE="HypPart2" SUBS_CONTENT="couronne" ID="tl_8_1" STYLEREFS="FONT0"/>
            <SP HEIGHT="67" WIDTH="26" VPOS="688" HPOS="547"/>
            <String HEIGHT="67" WIDTH="153" VPOS="688" HPOS="471" CONTENT="de" ID="tl_8_2" STYLEREFS="FONT0"/>
            <SP HEIGHT="67" WIDTH="26" VPOS="688" HPOS="624"/>
            <String HEIGHT="67" WIDTH="306" VPOS="688" HPOS="547" CONTENT="laurier," ID="tl_8_3" STYLEREFS="FONT0"/>
            <SP HEIGHT="67" WIDTH="26" VPOS="688" HPOS="853"/>
            <String HEIGHT="67" WIDTH="306" VPOS="688" HPOS="777" CONTENT="ornement" ID="tl_8_4" STYLEREFS="FONT0"/>
            <SP HEIGHT="67" WIDTH="26" VPOS="688" HPOS="1083"/>
            <String HEIGHT="67" WIDTH="179" VPOS="688" HPOS="1006" CONTENT="des" ID="tl_8_5" STYLEREFS="FONT0"/>
            <SP HEIGHT="67" WIDTH="26" VPOS="688" HPOS="1185"/>
            <String HEIGHT="67" WIDTH="306" VPOS="688" HPOS="1083" CONTENT="prétresses" ID="tl_8_6" STYLEREFS="FONT0"/>
          </TextLine>
          <TextLine ID="tl_9" BASELINE="814" HEIGHT="57" WIDTH="1047" VPOS="757" HPOS="341">
            <String HEIGHT="57" WIDTH="157" VPOS="757" HPOS="315" CONTENT="de" ID="tl_9_1" STYLEREFS="FONT0"/>
            <SP HEIGHT="57" WIDTH="26" VPOS="757" HPOS="472"/>
            <String HEIGHT="57" WIDTH="314" VPOS="757" HPOS="393" CONTENT="Minerve." ID="tl_9_2" STYLEREFS="FONT0"/>
            <SP HEIGHT="57" WIDTH="26" VPOS="757" HPOS="707"/>
            <String HEIGHT="57" WIDTH="340" VPOS="757" HPOS="629" CONTENT="Cassandre" ID="tl_9_3" STYLEREFS="FONT0"/>
            <SP HEIGHT="57" WIDTH="26" VPOS="757" HPOS="969"/>
            <String HEIGHT="57" WIDTH="183" VPOS="757" HPOS="891" CONTENT="est" ID="tl_9_4" STYLEREFS="FONT0"/>
            <SP HEIGHT="57" WIDTH="26" VPOS="757" HPOS="1074"/>
            <String HEIGHT="57" WIDTH="288" VPOS="757" HPOS="995" CONTENT="appuyée" ID="tl_9_5" STYLEREFS="FONT0"/>
            <SP HEIGHT="57" WIDTH="26" VPOS="757" HPOS="1283"/>
            <String HEIGHT="57" WIDTH="209" VPOS="757" HPOS="1179" CONTENT="contre" ID="tl_9_6" STYLEREFS="FONT0"/>
          </TextLine>
          <TextLine ID="tl_10" BASELINE="908" HEIGHT="84" WIDTH="1046" VPOS="824" HPOS="342">
            <String HEIGHT="84" WIDTH="240" VPOS="824" HPOS="320" CONTENT="l’autel" ID="tl_10_1" STYLEREFS="FONT0"/>
            <SP HEIGHT="84" WIDTH="22" VPOS="824" HPOS="560"/>
            <String HEIGHT="84" WIDTH="131" VPOS="824" HPOS="495" CONTENT="où" ID="tl_10_2" STYLEREFS="FONT0"/>
            <SP HEIGHT="84" WIDTH="22" VPOS="824" HPOS="625"/>
            <String HEIGHT="84" WIDTH="174" VPOS="824" HPOS="560" CONTENT="elle" ID="tl_10_3" STYLEREFS="FONT0"/>
            <SP HEIGHT="84" WIDTH="22" VPOS="824" HPOS="734"/>
            <String HEIGHT="84" WIDTH="196" VPOS="824" HPOS="669" CONTENT="vient" ID="tl_10_4" STYLEREFS="FONT0"/>
            <SP HEIGHT="84" WIDTH="22" VPOS="824" HPOS="865"/>
            <String HEIGHT="84" WIDTH="262" VPOS="824" HPOS="800" CONTENT="d’offrir" ID="tl_10_5" STYLEREFS="FONT0"/>
            <SP HEIGHT="84" WIDTH="22" VPOS="824" HPOS="1061"/>
            <String HEIGHT="84" WIDTH="131" VPOS="824" HPOS="996" CONTENT="un" ID="tl_10_6" STYLEREFS="FONT0"/>
            <SP HEIGHT="84" WIDTH="22" VPOS="824" HPOS="1127"/>
            <String HEIGHT="84" WIDTH="305" VPOS="824" HPOS="1061" CONTENT="sacrifice." ID="tl_10_7" STYLEREFS="FONT0"/>
            <SP HEIGHT="84" WIDTH="22" VPOS="824" HPOS="1366"/>
            <String HEIGHT="84" WIDTH="109" VPOS="824" HPOS="1279" CONTENT="Ses" ID="tl_10_8" STYLEREFS="FONT0"/>
          </TextLine>
          <TextLine ID="tl_11" BASELINE="956" HEIGHT="64" WIDTH="1043" VPOS="892" HPOS="343">
            <String HEIGHT="64" WIDTH="213" VPOS="892" HPOS="319" CONTENT="mains" ID="tl_11_1" STYLEREFS="FONT0"/>
            <SP HEIGHT="64" WIDTH="24" VPOS="892" HPOS="533"/>
            <String HEIGHT="64" WIDTH="308" VPOS="892" HPOS="462" CONTENT="attachées" ID="tl_11_2" STYLEREFS="FONT0"/>
            <SP HEIGHT="64" WIDTH="24" VPOS="892" HPOS="770"/>
            <String HEIGHT="64" WIDTH="284" VPOS="892" HPOS="699" CONTENT="derrière" ID="tl_11_3" STYLEREFS="FONT0"/>
            <SP HEIGHT="64" WIDTH="24" VPOS="892" HPOS="983"/>
            <String HEIGHT="64" WIDTH="142" VPOS="892" HPOS="912" CONTENT="le" ID="tl_11_4" STYLEREFS="FONT0"/>
            <SP HEIGHT="64" WIDTH="24" VPOS="892" HPOS="1054"/>
            <String HEIGHT="64" WIDTH="166" VPOS="892" HPOS="983" CONTENT="dos" ID="tl_11_5" STYLEREFS="FONT0"/>
            <SP HEIGHT="64" WIDTH="24" VPOS="892" HPOS="1149"/>
            <String HEIGHT="64" WIDTH="308" VPOS="892" HPOS="1078" CONTENT="annoncent" ID="tl_11_6" STYLEREFS="FONT0"/>
            <SP HEIGHT="64" WIDTH="24" VPOS="892" HPOS="1386"/>
            <String HEIGHT="64" WIDTH="95" VPOS="892" HPOS="1291" CONTENT="la" ID="tl_11_7" STYLEREFS="FONT0"/>
          </TextLine>
          <TextLine ID="tl_12" BASELINE="1035" HEIGHT="74" WIDTH="1049" VPOS="961" HPOS="339">
            <String HEIGHT="74" WIDTH="293" VPOS="961" HPOS="315" CONTENT="violence" ID="tl_12_1" STYLEREFS="FONT0"/>
            <SP HEIGHT="74" WIDTH="24" VPOS="961" HPOS="607"/>
            <String HEIGHT="74" WIDTH="195" VPOS="961" HPOS="534" CONTENT="dont" ID="tl_12_2" STYLEREFS="FONT0"/>
            <SP HEIGHT="74" WIDTH="24" VPOS="961" HPOS="729"/>
            <String HEIGHT="74" WIDTH="195" VPOS="961" HPOS="656" CONTENT="Ajax" ID="tl_12_3" STYLEREFS="FONT0"/>
            <SP HEIGHT="74" WIDTH="24" VPOS="961" HPOS="851"/>
            <String HEIGHT="74" WIDTH="220" VPOS="961" HPOS="778" CONTENT="s’est" ID="tl_12_4" STYLEREFS="FONT0"/>
            <SP HEIGHT="74" WIDTH="24" VPOS="961" HPOS="998"/>
            <String HEIGHT="74" WIDTH="220" VPOS="961" HPOS="924" CONTENT="rendu" ID="tl_12_5" STYLEREFS="FONT0"/>
            <SP HEIGHT="74" WIDTH="24" VPOS="961" HPOS="1144"/>
            <String HEIGHT="74" WIDTH="293" VPOS="961" HPOS="1071" CONTENT="coupable" ID="tl_12_6" STYLEREFS="FONT0"/>
            <SP HEIGHT="74" WIDTH="24" VPOS="961" HPOS="1364"/>
            <String HEIGHT="74" WIDTH="122" VPOS="961" HPOS="1266" CONTENT="en" SUBS_TYPE="HypPart1" SUBS_CONTENT="envers" ID="tl_12_7" STYLEREFS="FONT0"/>
            <HYP CONTENT="-"/>
          </TextLine>
          <TextLine ID="tl_13" BASELINE="1089" HEIGHT="60" WIDTH="1046" VPOS="1029" HPOS="342">
            <String HEIGHT="60" WIDTH="174" VPOS="1029" HPOS="320" CONTENT="vers" SUBS_TYPE="HypPart2" SUBS_CONTENT="envers" ID="tl_13_1" STYLEREFS="FONT0"/>
            <SP HEIGHT="60" WIDTH="22" VPOS="1029" HPOS="495"/>
            <String HEIGHT="60" WIDTH="196" VPOS="1029" HPOS="429" CONTENT="elle." ID="tl_13_2" STYLEREFS="FONT0"/>
            <SP HEIGHT="60" WIDTH="22" VPOS="1029" HPOS="625"/>
            <String HEIGHT="60" WIDTH="131" VPOS="1029" HPOS="560" CONTENT="On" ID="tl_13_3" STYLEREFS="FONT0"/>
            <SP HEIGHT="60" WIDTH="22" VPOS="1029" HPOS="691"/>
            <String HEIGHT="60" WIDTH="262" VPOS="1029" HPOS="625" CONTENT="aperçoit" ID="tl_13_4" STYLEREFS="FONT0"/>
            <SP HEIGHT="60" WIDTH="22" VPOS="1029" HPOS="887"/>
            <String HEIGHT="60" WIDTH="131" VPOS="1029" HPOS="821" CONTENT="au" ID="tl_13_5" STYLEREFS="FONT0"/>
            <SP HEIGHT="60" WIDTH="22" VPOS="1029" HPOS="952"/>
            <String HEIGHT="60" WIDTH="174" VPOS="1029" HPOS="887" CONTENT="fond" ID="tl_13_6" STYLEREFS="FONT0"/>
            <SP HEIGHT="60" WIDTH="22" VPOS="1029" HPOS="1061"/>
            <String HEIGHT="60" WIDTH="131" VPOS="1029" HPOS="996" CONTENT="la" ID="tl_13_7" STYLEREFS="FONT0"/>
            <SP HEIGHT="60" WIDTH="22" VPOS="1029" HPOS="1127"/>
            <String HEIGHT="60" WIDTH="196" VPOS="1029" HPOS="1061" CONTENT="ville" ID="tl_13_8" STYLEREFS="FONT0"/>
            <SP HEIGHT="60" WIDTH="22" VPOS="1029" HPOS="1257"/>
            <String HEIGHT="60" WIDTH="131" VPOS="1029" HPOS="1192" CONTENT="de" ID="tl_13_9" STYLEREFS="FONT0"/>
            <SP HEIGHT="60" WIDTH="22" VPOS="1029" HPOS="1323"/>
            <String HEIGHT="60" WIDTH="153" VPOS="1029" HPOS="1235" CONTENT="Troie" ID="tl_13_10" STYLEREFS="FONT0"/>
          </TextLine>
          <TextLine ID="tl_14" BASELINE="1156" HEIGHT="64" WIDTH="1048" VPOS="1092" HPOS="340">
            <String HEIGHT="64" WIDTH="186" VPOS="1092" HPOS="317" CONTENT="dont" ID="tl_14_1" STYLEREFS="FONT0"/>
            <SP HEIGHT="64" WIDTH="23" VPOS="1092" HPOS="503"/>
            <String HEIGHT="64" WIDTH="326" VPOS="1092" HPOS="433" CONTENT="l’incendie" ID="tl_14_2" STYLEREFS="FONT0"/>
            <SP HEIGHT="64" WIDTH="23" VPOS="1092" HPOS="759"/>
            <String HEIGHT="64" WIDTH="303" VPOS="1092" HPOS="689" CONTENT="commence," ID="tl_14_3" STYLEREFS="FONT0"/>
            <SP HEIGHT="64" WIDTH="23" VPOS="1092" HPOS="992"/>
            <String HEIGHT="64" WIDTH="140" VPOS="1092" HPOS="922" CONTENT="et" ID="tl_14_4" STYLEREFS="FONT0"/>
            <SP HEIGHT="64" WIDTH="23" VPOS="1092" HPOS="1062"/>
            <String HEIGHT="64" WIDTH="163" VPOS="1092" HPOS="992" CONTENT="sur" ID="tl_14_5" STYLEREFS="FONT0"/>
            <SP HEIGHT="64" WIDTH="23" VPOS="1092" HPOS="1155"/>
            <String HEIGHT="64" WIDTH="140" VPOS="1092" HPOS="1085" CONTENT="le" ID="tl_14_6" STYLEREFS="FONT0"/>
            <SP HEIGHT="64" WIDTH="23" VPOS="1092" HPOS="1225"/>
            <String HEIGHT="64" WIDTH="256" VPOS="1092" HPOS="1132" CONTENT="péristyle" ID="tl_14_7" STYLEREFS="FONT0"/>
          </TextLine>
          <TextLine ID="tl_15" BASELINE="1247" HEIGHT="84" WIDTH="1048" VPOS="1163" HPOS="341">
            <String HEIGHT="84" WIDTH="165" VPOS="1163" HPOS="313" CONTENT="du" ID="tl_15_1" STYLEREFS="FONT0"/>
            <SP HEIGHT="84" WIDTH="28" VPOS="1163" HPOS="479"/>
            <String HEIGHT="84" WIDTH="276" VPOS="1163" HPOS="396" CONTENT="temple" ID="tl_15_2" STYLEREFS="FONT0"/>
            <SP HEIGHT="84" WIDTH="28" VPOS="1163" HPOS="672"/>
            <String HEIGHT="84" WIDTH="221" VPOS="1163" HPOS="589" CONTENT="deux" ID="tl_15_3" STYLEREFS="FONT0"/>
            <SP HEIGHT="84" WIDTH="28" VPOS="1163" HPOS="810"/>
            <String HEIGHT="84" WIDTH="303" VPOS="1163" HPOS="727" CONTENT="femmes," ID="tl_15_4" STYLEREFS="FONT0"/>
            <SP HEIGHT="84" WIDTH="28" VPOS="1163" HPOS="1030"/>
            <String HEIGHT="84" WIDTH="221" VPOS="1163" HPOS="948" CONTENT="dont" ID="tl_15_5" STYLEREFS="FONT0"/>
            <SP HEIGHT="84" WIDTH="28" VPOS="1163" HPOS="1168"/>
            <String HEIGHT="84" WIDTH="193" VPOS="1163" HPOS="1086" CONTENT="une" ID="tl_15_6" STYLEREFS="FONT0"/>
            <SP HEIGHT="84" WIDTH="28" VPOS="1163" HPOS="1279"/>
            <String HEIGHT="84" WIDTH="221" VPOS="1163" HPOS="1168" CONTENT="semble" ID="tl_15_7" STYLEREFS="FONT0"/>
          </TextLine>
          <TextLine ID="tl_16" BASELINE="1315" HEIGHT="74" WIDTH="1045" VPOS="1241" HPOS="339">
            <String HEIGHT="74" WIDTH="279" VPOS="1241" HPOS="316" CONTENT="défendre" ID="tl_16_1" STYLEREFS="FONT0"/>
            <SP HEIGHT="74" WIDTH="23" VPOS="1241" HPOS="594"/>
            <String HEIGHT="74" WIDTH="163" VPOS="1241" HPOS="525" CONTENT="une" ID="tl_16_2" STYLEREFS="FONT0"/>
            <SP HEIGHT="74" WIDTH="23" VPOS="1241" HPOS="687"/>
            <String HEIGHT="74" WIDTH="209" VPOS="1241" HPOS="618" CONTENT="autre" ID="tl_16_3" STYLEREFS="FONT0"/>
            <SP HEIGHT="74" WIDTH="23" VPOS="1241" HPOS="827"/>
            <String HEIGHT="74" WIDTH="209" VPOS="1241" HPOS="757" CONTENT="qu’un" ID="tl_16_4" STYLEREFS="FONT0"/>
            <SP HEIGHT="74" WIDTH="23" VPOS="1241" HPOS="966"/>
            <String HEIGHT="74" WIDTH="232" VPOS="1241" HPOS="896" CONTENT="soldat" ID="tl_16_5" STYLEREFS="FONT0"/>
            <SP HEIGHT="74" WIDTH="23" VPOS="1241" HPOS="1129"/>
            <String HEIGHT="74" WIDTH="186" VPOS="1241" HPOS="1059" CONTENT="veut" ID="tl_16_6" STYLEREFS="FONT0"/>
            <SP HEIGHT="74" WIDTH="23" VPOS="1241" HPOS="1245"/>
            <String HEIGHT="74" WIDTH="232" VPOS="1241" HPOS="1152" CONTENT="égorger." ID="tl_16_7" STYLEREFS="FONT0"/>
          </TextLine>
        </TextBlock>
        <TextBlock ID="r_2_1" HEIGHT="53" WIDTH="455" VPOS="1494" HPOS="578">
          <TextLine ID="tl_17" BASELINE="1573" HEIGHT="105" WIDTH="468" VPOS="1468" HPOS="571">
            <String HEIGHT="105" WIDTH="322" VPOS="1468" HPOS="542" CONTENT="LAURENT" ID="tl_17_1" STYLEREFS="FONT0"/>
            <SP HEIGHT="105" WIDTH="29" VPOS="1468" HPOS="864"/>
            <String HEIGHT="105" WIDTH="205" VPOS="1468" HPOS="776" CONTENT="(J." ID="tl_17_2" STYLEREFS="FONT0"/>
            <SP HEIGHT="105" WIDTH="29" VPOS="1468" HPOS="981"/>
            <String HEIGHT="105" WIDTH="176" VPOS="1468" HPOS="864" CONTENT="A.)." ID="tl_17_3" STYLEREFS="FONT0"/>
          </TextLine>
        </TextBlock>
        <TextBlock ID="r_2_2" HEIGHT="148" WIDTH="1138" VPOS="1601" HPOS="239">
          <TextLine ID="tl_18" BASELINE="1675" HEIGHT="98" WIDTH="1152" VPOS="1577" HPOS="232">
            <String HEIGHT="98" WIDTH="197" VPOS="1577" HPOS="204" CONTENT="43." ID="tl_18_1" STYLEREFS="FONT0"/>
            <SP HEIGHT="98" WIDTH="28" VPOS="1577" HPOS="401"/>
            <String HEIGHT="98" WIDTH="365" VPOS="1577" HPOS="316" CONTENT="Bathilde," ID="tl_18_2" STYLEREFS="FONT0"/>
            <SP HEIGHT="98" WIDTH="28" VPOS="1577" HPOS="682"/>
            <String HEIGHT="98" WIDTH="253" VPOS="1577" HPOS="597" CONTENT="veuve" ID="tl_18_3" STYLEREFS="FONT0"/>
            <SP HEIGHT="98" WIDTH="28" VPOS="1577" HPOS="850"/>
            <String HEIGHT="98" WIDTH="169" VPOS="1577" HPOS="766" CONTENT="de" ID="tl_18_4" STYLEREFS="FONT0"/>
            <SP HEIGHT="98" WIDTH="28" VPOS="1577" HPOS="934"/>
            <String HEIGHT="98" WIDTH="281" VPOS="1577" HPOS="850" CONTENT="Clovis" ID="tl_18_5" STYLEREFS="FONT0"/>
            <SP HEIGHT="98" WIDTH="28" VPOS="1577" HPOS="1131"/>
            <String HEIGHT="98" WIDTH="197" VPOS="1577" HPOS="1047" CONTENT="II," ID="tl_18_6" STYLEREFS="FONT0"/>
            <SP HEIGHT="98" WIDTH="28" VPOS="1577" HPOS="1244"/>
            <String HEIGHT="98" WIDTH="225" VPOS="1577" HPOS="1159" CONTENT="rend" ID="tl_18_7" STYLEREFS="FONT0"/>
            <SP HEIGHT="98" WIDTH="28" VPOS="1577" HPOS="1384"/>
            <String HEIGHT="98" WIDTH="112" VPOS="1577" HPOS="1272" CONTENT="la" ID="tl_18_8" STYLEREFS="FONT0"/>
          </TextLine>
          <TextLine ID="tl_19" BASELINE="1760" HEIGHT="94" WIDTH="783" VPOS="1666" HPOS="414">
            <String HEIGHT="94" WIDTH="297" VPOS="1666" HPOS="387" CONTENT="liberté" ID="tl_19_1" STYLEREFS="FONT0"/>
            <SP HEIGHT="94" WIDTH="27" VPOS="1666" HPOS="684"/>
            <String HEIGHT="94" WIDTH="135" VPOS="1666" HPOS="603" CONTENT="à" ID="tl_19_2" STYLEREFS="FONT0"/>
            <SP HEIGHT="94" WIDTH="27" VPOS="1666" HPOS="738"/>
            <String HEIGHT="94" WIDTH="162" VPOS="1666" HPOS="657" CONTENT="de" ID="tl_19_3" STYLEREFS="FONT0"/>
            <SP HEIGHT="94" WIDTH="27" VPOS="1666" HPOS="819"/>
            <String HEIGHT="94" WIDTH="270" VPOS="1666" HPOS="738" CONTENT="jeunes" ID="tl_19_4" STYLEREFS="FONT0"/>
            <SP HEIGHT="94" WIDTH="27" VPOS="1666" HPOS="1008"/>
            <String HEIGHT="94" WIDTH="297" VPOS="1666" HPOS="900" CONTENT="esclaves." ID="tl_19_5" STYLEREFS="FONT0"/>
          </TextLine>
        </TextBlock>
        <TextBlock ID="r_2_3" HEIGHT="472" WIDTH="1035" VPOS="1808" HPOS="346">
          <TextLine ID="tl_20" BASELINE="1880" HEIGHT="90" WIDTH="989" VPOS="1790" HPOS="396">
            <String HEIGHT="90" WIDTH="198" VPOS="1790" HPOS="374" CONTENT="Cette" ID="tl_20_1" STYLEREFS="FONT0"/>
            <SP HEIGHT="90" WIDTH="22" VPOS="1790" HPOS="572"/>
            <String HEIGHT="90" WIDTH="220" VPOS="1790" HPOS="506" CONTENT="reine," ID="tl_20_2" STYLEREFS="FONT0"/>
            <SP HEIGHT="90" WIDTH="22" VPOS="1790" HPOS="726"/>
            <String HEIGHT="90" WIDTH="176" VPOS="1790" HPOS="660" CONTENT="dont" ID="tl_20_3" STYLEREFS="FONT0"/>
            <SP HEIGHT="90" WIDTH="22" VPOS="1790" HPOS="836"/>
            <String HEIGHT="90" WIDTH="264" VPOS="1790" HPOS="770" CONTENT="l’esprit" ID="tl_20_4" STYLEREFS="FONT0"/>
            <SP HEIGHT="90" WIDTH="22" VPOS="1790" HPOS="1033"/>
            <String HEIGHT="90" WIDTH="242" VPOS="1790" HPOS="967" CONTENT="égaloit" ID="tl_20_5" STYLEREFS="FONT0"/>
            <SP HEIGHT="90" WIDTH="22" VPOS="1790" HPOS="1209"/>
            <String HEIGHT="90" WIDTH="132" VPOS="1790" HPOS="1143" CONTENT="la" ID="tl_20_6" STYLEREFS="FONT0"/>
            <SP HEIGHT="90" WIDTH="22" VPOS="1790" HPOS="1275"/>
            <String HEIGHT="90" WIDTH="198" VPOS="1790" HPOS="1187" CONTENT="beauté," ID="tl_20_7" STYLEREFS="FONT0"/>
          </TextLine>
          <TextLine ID="tl_21" BASELINE="1937" HEIGHT="66" WIDTH="1042" VPOS="1871" HPOS="340">
            <String HEIGHT="66" WIDTH="159" VPOS="1871" HPOS="317" CONTENT="fut" ID="tl_21_1" STYLEREFS="FONT0"/>
            <SP HEIGHT="66" WIDTH="23" VPOS="1871" HPOS="476"/>
            <String HEIGHT="66" WIDTH="249" VPOS="1871" HPOS="408" CONTENT="régente" ID="tl_21_2" STYLEREFS="FONT0"/>
            <SP HEIGHT="66" WIDTH="23" VPOS="1871" HPOS="657"/>
            <String HEIGHT="66" WIDTH="181" VPOS="1871" HPOS="589" CONTENT="sous" ID="tl_21_3" STYLEREFS="FONT0"/>
            <SP HEIGHT="66" WIDTH="23" VPOS="1871" HPOS="770"/>
            <String HEIGHT="66" WIDTH="136" VPOS="1871" HPOS="702" CONTENT="la" ID="tl_21_4" STYLEREFS="FONT0"/>
            <SP HEIGHT="66" WIDTH="23" VPOS="1871" HPOS="838"/>
            <String HEIGHT="66" WIDTH="272" VPOS="1871" HPOS="770" CONTENT="minorité" ID="tl_21_5" STYLEREFS="FONT0"/>
            <SP HEIGHT="66" WIDTH="23" VPOS="1871" HPOS="1042"/>
            <String HEIGHT="66" WIDTH="136" VPOS="1871" HPOS="974" CONTENT="de" ID="tl_21_6" STYLEREFS="FONT0"/>
            <SP HEIGHT="66" WIDTH="23" VPOS="1871" HPOS="1110"/>
            <String HEIGHT="66" WIDTH="159" VPOS="1871" HPOS="1042" CONTENT="son" ID="tl_21_7" STYLEREFS="FONT0"/>
            <SP HEIGHT="66" WIDTH="23" VPOS="1871" HPOS="1201"/>
            <String HEIGHT="66" WIDTH="181" VPOS="1871" HPOS="1133" CONTENT="fils" ID="tl_21_8" STYLEREFS="FONT0"/>
            <SP HEIGHT="66" WIDTH="23" VPOS="1871" HPOS="1314"/>
            <String HEIGHT="66" WIDTH="159" VPOS="1871" HPOS="1223" CONTENT="aîné," ID="tl_21_9" STYLEREFS="FONT0"/>
          </TextLine>
          <TextLine ID="tl_22" BASELINE="2019" HEIGHT="83" WIDTH="1044" VPOS="1936" HPOS="341">
            <String HEIGHT="83" WIDTH="267" VPOS="1936" HPOS="319" CONTENT="Clotaire" ID="tl_22_1" STYLEREFS="FONT0"/>
            <SP HEIGHT="83" WIDTH="22" VPOS="1936" HPOS="585"/>
            <String HEIGHT="83" WIDTH="178" VPOS="1936" HPOS="519" CONTENT="III," ID="tl_22_2" STYLEREFS="FONT0"/>
            <SP HEIGHT="83" WIDTH="22" VPOS="1936" HPOS="696"/>
            <String HEIGHT="83" WIDTH="155" VPOS="1936" HPOS="630" CONTENT="roi" ID="tl_22_3" STYLEREFS="FONT0"/>
            <SP HEIGHT="83" WIDTH="22" VPOS="1936" HPOS="785"/>
            <String HEIGHT="83" WIDTH="133" VPOS="1936" HPOS="719" CONTENT="de" ID="tl_22_4" STYLEREFS="FONT0"/>
            <SP HEIGHT="83" WIDTH="22" VPOS="1936" HPOS="852"/>
            <String HEIGHT="83" WIDTH="244" VPOS="1936" HPOS="785" CONTENT="France." ID="tl_22_5" STYLEREFS="FONT0"/>
            <SP HEIGHT="83" WIDTH="22" VPOS="1936" HPOS="1030"/>
            <String HEIGHT="83" WIDTH="178" VPOS="1936" HPOS="963" CONTENT="Elle" ID="tl_22_6" STYLEREFS="FONT0"/>
            <SP HEIGHT="83" WIDTH="22" VPOS="1936" HPOS="1141"/>
            <String HEIGHT="83" WIDTH="133" VPOS="1936" HPOS="1074" CONTENT="se" ID="tl_22_7" STYLEREFS="FONT0"/>
            <SP HEIGHT="83" WIDTH="22" VPOS="1936" HPOS="1207"/>
            <String HEIGHT="83" WIDTH="155" VPOS="1936" HPOS="1141" CONTENT="fit" ID="tl_22_8" STYLEREFS="FONT0"/>
            <SP HEIGHT="83" WIDTH="22" VPOS="1936" HPOS="1296"/>
            <String HEIGHT="83" WIDTH="178" VPOS="1936" HPOS="1207" CONTENT="adorer" ID="tl_22_9" STYLEREFS="FONT0"/>
          </TextLine>
          <TextLine ID="tl_23" BASELINE="2069" HEIGHT="62" WIDTH="1048" VPOS="2007" HPOS="340">
            <String HEIGHT="62" WIDTH="134" VPOS="2007" HPOS="318" CONTENT="du" ID="tl_23_1" STYLEREFS="FONT0"/>
            <SP HEIGHT="62" WIDTH="22" VPOS="2007" HPOS="451"/>
            <String HEIGHT="62" WIDTH="245" VPOS="2007" HPOS="385" CONTENT="peuple;" ID="tl_23_2" STYLEREFS="FONT0"/>
            <SP HEIGHT="62" WIDTH="22" VPOS="2007" HPOS="630"/>
            <String HEIGHT="62" WIDTH="156" VPOS="2007" HPOS="563" CONTENT="et," ID="tl_23_3" STYLEREFS="FONT0"/>
            <SP HEIGHT="62" WIDTH="22" VPOS="2007" HPOS="719"/>
            <String HEIGHT="62" WIDTH="201" VPOS="2007" HPOS="652" CONTENT="aidée" ID="tl_23_4" STYLEREFS="FONT0"/>
            <SP HEIGHT="62" WIDTH="22" VPOS="2007" HPOS="853"/>
            <String HEIGHT="62" WIDTH="156" VPOS="2007" HPOS="786" CONTENT="des" ID="tl_23_5" STYLEREFS="FONT0"/>
            <SP HEIGHT="62" WIDTH="22" VPOS="2007" HPOS="942"/>
            <String HEIGHT="62" WIDTH="268" VPOS="2007" HPOS="875" CONTENT="conseils" ID="tl_23_6" STYLEREFS="FONT0"/>
            <SP HEIGHT="62" WIDTH="22" VPOS="2007" HPOS="1143"/>
            <String HEIGHT="62" WIDTH="134" VPOS="2007" HPOS="1076" CONTENT="du" ID="tl_23_7" STYLEREFS="FONT0"/>
            <SP HEIGHT="62" WIDTH="22" VPOS="2007" HPOS="1210"/>
            <String HEIGHT="62" WIDTH="245" VPOS="2007" HPOS="1143" CONTENT="profond" ID="tl_23_8" STYLEREFS="FONT0"/>
            <SP HEIGHT="62" WIDTH="22" VPOS="2007" HPOS="1388"/>
            <String HEIGHT="62" WIDTH="89" VPOS="2007" HPOS="1299" CONTENT="et" ID="tl_23_9" STYLEREFS="FONT0"/>
          </TextLine>
          <TextLine ID="tl_24" BASELINE="2163" HEIGHT="86" WIDTH="1041" VPOS="2077" HPOS="343">
            <String HEIGHT="86" WIDTH="308" VPOS="2077" HPOS="319" CONTENT="politique" ID="tl_24_1" STYLEREFS="FONT0"/>
            <SP HEIGHT="86" WIDTH="24" VPOS="2077" HPOS="627"/>
            <String HEIGHT="86" WIDTH="260" VPOS="2077" HPOS="556" CONTENT="Ebroin," ID="tl_24_2" STYLEREFS="FONT0"/>
            <SP HEIGHT="86" WIDTH="24" VPOS="2077" HPOS="816"/>
            <String HEIGHT="86" WIDTH="213" VPOS="2077" HPOS="745" CONTENT="maire" ID="tl_24_3" STYLEREFS="FONT0"/>
            <SP HEIGHT="86" WIDTH="24" VPOS="2077" HPOS="958"/>
            <String HEIGHT="86" WIDTH="142" VPOS="2077" HPOS="887" CONTENT="du" ID="tl_24_4" STYLEREFS="FONT0"/>
            <SP HEIGHT="86" WIDTH="24" VPOS="2077" HPOS="1029"/>
            <String HEIGHT="86" WIDTH="260" VPOS="2077" HPOS="958" CONTENT="palais," ID="tl_24_5" STYLEREFS="FONT0"/>
            <SP HEIGHT="86" WIDTH="24" VPOS="2077" HPOS="1218"/>
            <String HEIGHT="86" WIDTH="189" VPOS="2077" HPOS="1147" CONTENT="elle" ID="tl_24_6" STYLEREFS="FONT0"/>
            <SP HEIGHT="86" WIDTH="24" VPOS="2077" HPOS="1337"/>
            <String HEIGHT="86" WIDTH="142" VPOS="2077" HPOS="1242" CONTENT="gou" SUBS_TYPE="HypPart1" SUBS_CONTENT="gouverna" ID="tl_24_7" STYLEREFS="FONT0"/>
            <HYP CONTENT="-"/>
          </TextLine>
          <TextLine ID="tl_25" BASELINE="2227" HEIGHT="72" WIDTH="1041" VPOS="2155" HPOS="344">
            <String HEIGHT="72" WIDTH="213" VPOS="2155" HPOS="320" CONTENT="verna" SUBS_TYPE="HypPart2" SUBS_CONTENT="gouverna" ID="tl_25_1" STYLEREFS="FONT0"/>
            <SP HEIGHT="72" WIDTH="24" VPOS="2155" HPOS="533"/>
            <String HEIGHT="72" WIDTH="189" VPOS="2155" HPOS="462" CONTENT="(dit" ID="tl_25_2" STYLEREFS="FONT0"/>
            <SP HEIGHT="72" WIDTH="24" VPOS="2155" HPOS="652"/>
            <String HEIGHT="72" WIDTH="284" VPOS="2155" HPOS="581" CONTENT="Mezeray)" ID="tl_25_3" STYLEREFS="FONT0"/>
            <SP HEIGHT="72" WIDTH="24" VPOS="2155" HPOS="865"/>
            <String HEIGHT="72" WIDTH="189" VPOS="2155" HPOS="794" CONTENT="avec" ID="tl_25_4" STYLEREFS="FONT0"/>
            <SP HEIGHT="72" WIDTH="24" VPOS="2155" HPOS="983"/>
            <String HEIGHT="72" WIDTH="237" VPOS="2155" HPOS="912" CONTENT="autant" ID="tl_25_5" STYLEREFS="FONT0"/>
            <SP HEIGHT="72" WIDTH="24" VPOS="2155" HPOS="1148"/>
            <String HEIGHT="72" WIDTH="142" VPOS="2155" HPOS="1077" CONTENT="de" ID="tl_25_6" STYLEREFS="FONT0"/>
            <SP HEIGHT="72" WIDTH="24" VPOS="2155" HPOS="1219"/>
            <String HEIGHT="72" WIDTH="237" VPOS="2155" HPOS="1148" CONTENT="bonté," ID="tl_25_7" STYLEREFS="FONT0"/>
            <SP HEIGHT="72" WIDTH="24" VPOS="2155" HPOS="1385"/>
            <String HEIGHT="72" WIDTH="95" VPOS="2155" HPOS="1290" CONTENT="de" ID="tl_25_8" STYLEREFS="FONT0"/>
          </TextLine>
          <TextLine ID="tl_26" BASELINE="2321" HEIGHT="102" WIDTH="1036" VPOS="2219" HPOS="346">
            <String HEIGHT="102" WIDTH="276" VPOS="2219" HPOS="323" CONTENT="prudence" ID="tl_26_1" STYLEREFS="FONT0"/>
            <SP HEIGHT="102" WIDTH="23" VPOS="2219" HPOS="599"/>
            <String HEIGHT="102" WIDTH="138" VPOS="2219" HPOS="530" CONTENT="et" ID="tl_26_2" STYLEREFS="FONT0"/>
            <SP HEIGHT="102" WIDTH="23" VPOS="2219" HPOS="668"/>
            <String HEIGHT="102" WIDTH="138" VPOS="2219" HPOS="599" CONTENT="de" ID="tl_26_3" STYLEREFS="FONT0"/>
            <SP HEIGHT="102" WIDTH="23" VPOS="2219" HPOS="737"/>
            <String HEIGHT="102" WIDTH="253" VPOS="2219" HPOS="668" CONTENT="justice" ID="tl_26_4" STYLEREFS="FONT0"/>
            <SP HEIGHT="102" WIDTH="23" VPOS="2219" HPOS="922"/>
            <String HEIGHT="102" WIDTH="230" VPOS="2219" HPOS="852" CONTENT="qu’eût" ID="tl_26_5" STYLEREFS="FONT0"/>
            <SP HEIGHT="102" WIDTH="23" VPOS="2219" HPOS="1083"/>
            <String HEIGHT="102" WIDTH="138" VPOS="2219" HPOS="1014" CONTENT="pu" ID="tl_26_6" STYLEREFS="FONT0"/>
            <SP HEIGHT="102" WIDTH="23" VPOS="2219" HPOS="1152"/>
            <String HEIGHT="102" WIDTH="207" VPOS="2219" HPOS="1083" CONTENT="faire" ID="tl_26_7" STYLEREFS="FONT0"/>
            <SP HEIGHT="102" WIDTH="23" VPOS="2219" HPOS="1290"/>
            <String HEIGHT="102" WIDTH="138" VPOS="2219" HPOS="1221" CONTENT="un" ID="tl_26_8" STYLEREFS="FONT0"/>
            <SP HEIGHT="102" WIDTH="23" VPOS="2219" HPOS="1359"/>
            <String HEIGHT="102" WIDTH="115" VPOS="2219" HPOS="1267" CONTENT="bon" ID="tl_26_9" STYLEREFS="FONT0"/>
          </TextLine>
        </TextBlock>
        <GraphicalElement ID="r_3" HEIGHT="5" WIDTH="190" VPOS="1397" HPOS="715"/>
        <GraphicalElement ID="r_4" HEIGHT="6" WIDTH="123" VPOS="2664" HPOS="1233"/>
        <GraphicalElement ID="r_5" HEIGHT="226" WIDTH="19" VPOS="118" HPOS="0"/>
        <GraphicalElement ID="r_6" HEIGHT="770" WIDTH="17" VPOS="147" HPOS="1483"/>
        <GraphicalElement ID="r_7" HEIGHT="300" WIDTH="6" VPOS="1036" HPOS="1498"/>
        <GraphicalElement ID="r_8" HEIGHT="912" WIDTH="15" VPOS="1344" HPOS="1502"/>
        <GraphicalElement ID="r_9" HEIGHT="285" WIDTH="19" VPOS="2256" HPOS="1508"/>
      </PrintSpace>
    </Page>
  </Layout>
</alto>
