1539 2700
506 157 194 104 (
545 157 194 104 49)

169 258 278 75 lorsque,
377 258 301 75 vainqueur
608 258 116 75 à
655 258 162 75 son
747 258 208 75 tour,
886 258 139 75 il
955 258 231 75 rentra
1094 258 139 75 dans

172 332 191 79 cette
299 332 212 79 ville,
447 332 297 79 Cléombrote
681 332 148 79 fut
766 332 212 79 réduit
914 332 106 79 à
956 332 127 79 se
999 332 233 79 réfugier,

169 396 338 72 suppliant,
434 396 193 72 dans
555 396 145 72 un
628 396 241 72 temple
796 396 145 72 de
869 396 290 72 Neptune,
1086 396 145 72 où
1134 396 97 72 le

171 464 317 89 vainqueur,
420 464 136 89 si
488 464 294 89 justement
714 464 226 89 irrité
872 464 226 89 contre
1031 464 158 89 son
1098 464 136 89 gen-

171 539 181 89 dre,
284 539 203 89 vient
420 539 181 89 pour
533 539 181 89 l’en
646 539 294 89 arracher,
872 539 136 89 et
940 539 158 89 lui
1008 539 226 89 adresser

173 611 138 83 de
242 611 184 83 vifs
334 611 275 83 reproches.

226 675 336 77 Chélonis,
484 675 232 77 fille
639 675 155 77 de
717 675 336 77 Léonidas,
975 675 207 77 qui,
1078 675 155 77 pour

170 757 232 69 suivre
332 757 162 69 son
425 757 185 69 père
541 757 185 69 dans
657 757 139 69 le
726 757 278 69 malheur,
935 757 209 69 avoit
1051 757 185 69 quitté

174 828 323 65 Cléombrote
428 828 161 65 son
520 828 208 65 mari,
658 828 231 65 voyant
820 828 138 65 le
889 828 231 65 triste
1050 828 185 65 état
1143 828 92 65 où

175 895 138 59 il
244 895 208 59 étoit
383 895 254 59 réduit,
567 895 138 59 va
636 895 138 59 se
705 895 254 59 joindre
890 895 115 59 à
936 895 161 59 lui
1028 895 185 59 avec
1121 895 115 59 ses

172 952 189 82 deux
290 952 236 82 petits
455 952 283 82 enfants,
668 952 142 82 le
739 952 236 82 couvre
904 952 142 82 de
975 952 165 82 son
1045 952 189 82 corps,

176 1037 161 60 et,
268 1037 161 60 par
360 1037 161 60 ses
452 1037 230 60 larmes
614 1037 138 60 et
683 1037 138 60 la
752 1037 300 60 véhémence
983 1037 138 60 de
1052 1037 161 60 ses
1121 1037 115 60 pa-

172 1087 217 74 roles,
324 1087 239 74 pénètre
498 1087 348 74 l’assemblée,
781 1087 130 74 et
846 1087 239 74 réussit
1020 1087 109 74 à
1041 1087 196 74 fléchir

169 1152 347 77 Léonidas,
436 1152 187 77 qui
543 1152 213 77 cède
676 1152 160 77 en
756 1152 373 77 condamnant
1023 1152 213 77 Cléom-

174 1220 207 78 brote
312 1220 300 78 seulemeut
543 1220 115 78 à
589 1220 253 78 l’exil.
773 1220 277 78 Chélonis
981 1220 230 78 suivit
1119 1220 115 78 son

172 1292 217 91 mari,
317 1292 241 91 malgré
485 1292 169 91 les
582 1292 314 91 instances
823 1292 145 91 de
895 1292 169 91 son
992 1292 217 91 père,
1112 1292 121 91 qui

177 1367 131 97 ne
243 1367 241 97 vouloit
418 1367 153 97 pas
506 1367 131 97 se
571 1367 241 97 séparer
725 1367 197 97 d’elle.

346 1542 459 116 Mademoiselle
691 1542 258 116 LESCOT.

66 1683 198 87 46.
179 1683 170 87 Le
264 1683 369 87 baisement
548 1683 198 87 des
661 1683 255 87 pieds
831 1683 170 87 de
916 1683 170 87 S.
973 1683 255 87 Pierre.

234 1760 204 102 Cette
370 1760 294 102 cérémonie
596 1760 113 102 a
642 1760 181 102 lieu
755 1760 181 102 dans
868 1760 136 102 la
936 1760 294 102 basilique
1139 1760 91 102 de

175 1844 269 104 l’église
376 1844 381 104 Saint-Pierre,
690 1844 112 104 à
735 1844 202 104 Rome,
869 1844 247 104 pendant
1049 1844 134 104 la
1094 1844 134 104 fête

175 1926 141 68 de
245 1926 164 68 cet
339 1926 258 68 apôtre.
526 1926 117 68 A
573 1926 211 68 cette
714 1926 234 68 époque
878 1926 141 68 on
948 1926 211 68 revêt
1065 1926 164 68 d’or-

173 2006 252 80 nements
356 2006 343 80 pontificaux
631 2006 137 80 sa
700 2006 229 80 statue
860 2006 137 80 de
928 2006 252 80 bronze,
1089 2006 137 80 qui,

174 2067 252 68 dit-on,
357 2067 160 68 fut
449 2067 412 68 originairement
792 2067 206 68 celle
929 2067 183 68 d’un
1021 2067 206 68 Jupiter

149 2125 244 83 antique.

229 2196 149 88 On
304 2196 299 88 remarque
528 2196 224 88 parmi
677 2196 174 88 les
777 2196 324 88 personnes
1026 2196 174 88 qui
1101 2196 124 88 as
