1605 2748
812 163 154 122 (
874 163 185 122 52
936 163 93 122 )

597 302 264 91 MAYER
743 302 499 91 (mademoiselle).

330 420 219 87 50.
455 420 188 87 Le
549 420 250 87 rêve
705 420 188 87 du
768 420 313 87 bonheur.

492 540 206 94 Denx
621 540 257 94 jeunes
801 540 231 94 époux
955 540 206 94 dans
1084 540 180 94 une
1187 540 283 94 barque,
1367 540 154 94 avec

442 614 183 82 leur
556 614 252 82 enfant,
739 614 183 82 sont
854 614 274 82 conduits
1060 614 160 82 sur
1151 614 137 82 le
1220 614 229 82 fleuve
1380 614 137 82 de
1426 614 91 82 la

443 696 164 68 vie
536 696 164 68 par
630 696 257 68 l’Amour
817 696 140 68 et
887 696 140 68 la
933 696 234 68 fortune.

355 904 362 95 MAUZAISSE
634 904 557 95 (Jean-Baptiste),
1107 904 167 95 né
1191 904 139 95 à
1219 904 279 95 Corbeil,

559 997 367 89 département
852 997 147 89 de
901 997 392 89 Seine

331 1110 219 101 51.
456 1110 188 101 Le
550 1110 281 101 poëte
737 1110 344 101 Arioste
987 1110 375 101 respecté
1269 1110 219 101 par
1363 1110 156 101 des

364 1197 331 98 brigands.

498 1309 214 74 Louis
641 1309 285 74 Arioste,
855 1309 238 74 fameux
1021 1309 214 74 poëte
1164 1309 285 74 italien,
1354 1309 166 74 d’une

443 1377 164 68 des
536 1377 305 68 premières
771 1377 282 68 familles
983 1377 141 68 de
1053 1377 258 68 Reggio,
1241 1377 211 68 jouit
1359 1377 164 68 d’une

442 1455 262 68 grande
625 1455 446 68 considération
993 1455 131 68 à
1045 1455 157 68 la
1124 1455 210 68 cour
1255 1455 157 68 du
1333 1455 184 68 duc
1412 1455 105 68 de

443 1524 274 64 Ferrare,
649 1524 183 64 dont
763 1524 137 64 il
832 1524 206 64 étoit
969 1524 229 64 allié.
1129 1524 206 64 Après
1266 1524 137 64 la
1335 1524 183 64 mort
1427 1524 91 64 du

447 1603 267 55 cardinal
647 1603 290 55 Hippolyte
870 1603 223 55 d’Est,
1026 1603 223 55 auquel
1182 1603 134 55 il
1249 1603 245 55 s’étoit
1405 1603 111 55 at-

446 1654 238 74 taché,
613 1654 143 74 le
684 1654 167 74 duc
779 1654 286 74 Alphonse
994 1654 262 74 procura
1184 1654 119 74 à
1231 1654 143 74 ce
1303 1654 214 74 poëte
1422 1654 95 74 le

446 1736 186 59 sort
562 1736 140 59 le
632 1736 186 59 plus
749 1736 280 59 agréable
959 1736 186 59 pour
1075 1736 140 59 le
1145 1736 210 59 fixer
1285 1736 233 59 auprès
1425 1736 93 59 de

444 1795 179 84 lui.
556 1795 246 84 Arioste
735 1795 134 84 en
802 1795 246 84 profita
981 1795 179 84 pour
1093 1795 269 84 composer
1272 1795 246 84 plusieurs

446 1879 297 68 ouvrages:
674 1879 137 68 le
743 1879 183 68 plus
857 1879 251 68 célèbre
1040 1879 137 68 de
1108 1879 183 68 tous
1222 1879 160 68 est
1314 1879 137 68 le
1359 1879 160 68 poëme

446 1931 143 72 de
518 1931 239 72 Roland
685 1931 287 72 furieux,
900 1931 167 72 qui
996 1931 167 72 lui
1091 1931 239 72 acquit
1258 1931 167 72 une
1330 1931 191 72 grande

421 2004 318 79 réputation.

495 2069 162 74 On
576 2069 189 74 dit
684 2069 189 74 que
792 2069 162 74 ce
873 2069 270 74 poëte,
1062 2069 243 74 nommé
1197 2069 324 74 gouverneur

447 2140 137 79 de
516 2140 365 79 Grafagnogna,
812 2140 205 79 étant
949 2140 205 79 parti
1086 2140 183 79 pour
1200 2140 205 79 aller
1315 2140 205 79 apaiser

445 2217 163 97 des
538 2217 279 97 troubles
747 2217 163 97 qui
840 2217 302 97 s’étoient
1072 2217 325 97 manifestés
1327 2217 186 97 dans
1420 2217 93 97 la
