1581 2706
740 185 156 109 (
802 185 187 109 54
865 185 94 109 )

377 277 213 95 légers
526 277 235 95 travaux
697 277 128 95 de
761 277 171 95 leur
867 277 192 95 sexe.
995 277 299 95 Distraites
1230 277 149 95 par
1294 277 149 95 l’ar-

375 361 204 75 rivée
512 361 136 75 de
580 361 273 75 Phorbas,
784 361 204 75 elles
921 361 136 75 se
989 361 250 75 lèvent,
1148 361 295 75 l’écoutent,

378 429 142 78 et
449 429 332 78 témoignent
710 429 356 78 diversement
995 429 308 78 l’intérêt
1232 429 166 78 que
1303 429 142 78 leur

380 505 239 76 inspire
554 505 130 76 le
619 505 195 76 jeune
749 505 239 76 enfant.
923 505 130 76 Il
988 505 152 76 est
1075 505 217 76 encore
1227 505 217 76 foible
1357 505 87 76 et

380 566 303 81 souffrant,
619 566 130 81 et
684 566 173 81 dans
792 566 152 81 les
879 566 173 81 bras
987 566 130 81 du
1052 566 238 81 berger,
1225 566 152 81 qui
1290 566 152 81 s’ap-

378 644 261 64 proche
560 644 522 64 respectueusement
1004 644 156 64 de
1082 644 156 64 la
1160 644 261 64 reine.
1317 644 130 64 Une

377 716 209 79 femme
516 716 209 79 prend
655 716 302 79 l’enfant,
887 716 139 79 le
957 716 255 79 soulève
1142 716 186 79 pour
1258 716 139 79 le
1305 716 139 79 pré-

378 785 232 76 senter
540 785 116 76 à
586 785 278 76 Péribée,
795 785 139 76 et
864 785 232 76 semble
1026 785 278 76 attendre
1235 785 185 76 avec
1327 785 116 76 in-

378 848 284 69 quiétude
591 848 142 69 ce
663 848 261 69 qu’elle
852 848 142 69 va
923 848 308 69 prononcer
1160 848 166 69 sur
1255 848 142 69 le
1302 848 142 69 sort

379 922 139 73 de
448 922 162 73 cet
518 922 277 73 infortuné.

663 1205 345 83 MEYNIER.

265 1308 180 80 53.
368 1308 308 80 Phocion,
599 1308 308 80 condamné
830 1308 180 80 par
933 1308 154 80 le
1010 1308 257 80 peuple
1164 1308 283 80 d’Athènes

373 1398 119 65 à
421 1398 214 65 boire
563 1398 143 65 la
635 1398 238 65 cigué,
801 1398 238 65 expira
967 1398 214 65 comme
1110 1398 285 65 Socrate,
1300 1398 143 65 dont

376 1473 128 67 il
440 1473 193 67 avoit
568 1473 150 67 les
654 1473 235 67 vertus,
825 1473 235 67 victime
996 1473 193 67 d’une
1125 1473 214 67 cabale
1253 1473 193 67 jalouse

373 1528 147 81 et
446 1528 342 81 ignorante.
715 1528 147 81 On
788 1528 293 81 défendit
1008 1528 147 81 de
1081 1528 171 81 lui
1179 1528 244 81 rendre
1326 1528 122 81 les

373 1600 279 67 derniers
582 1600 279 67 devoirs,
792 1600 140 67 et
861 1600 163 67 son
954 1600 209 67 corps
1094 1600 163 67 fut
1187 1600 209 67 brûlé
1303 1600 140 67 loin

372 1682 143 72 du
444 1682 334 72 territoire
706 1682 143 72 de
778 1682 334 72 l’Attique.
1040 1682 167 72 Une
1136 1682 215 72 femme
1279 1682 143 72 de
1327 1682 119 72 Mé-

372 1736 199 93 gare
497 1736 323 93 rassembla
745 1736 174 93 les
845 1736 249 93 restes
1019 1736 299 93 précieux
1243 1736 199 93 dans
1342 1736 100 93 un

372 1829 143 64 un
444 1829 167 64 pan
539 1829 143 64 de
610 1829 143 64 sa
682 1829 214 64 robe,
825 1829 143 64 et
896 1829 167 64 les
991 1829 214 64 porta
1134 1829 191 64 dans
1253 1829 143 64 sa
1301 1829 143 64 mai-

371 1877 187 76 son.
488 1877 164 76 Là,
581 1877 140 76 au
651 1877 234 76 milieu
815 1877 140 76 de
885 1877 140 76 sa
956 1877 281 76 famille,
1166 1877 211 76 après
1283 1877 164 76 avoir

371 1955 206 76 passé
508 1955 137 76 la
577 1955 183 76 nuit
691 1955 114 76 à
737 1955 206 76 faire
874 1955 160 76 des
966 1955 252 76 prières
1149 1955 137 76 et
1217 1955 160 76 des
1286 1955 160 76 liba-

373 2019 245 89 tions,
544 2019 196 89 elle
666 2019 196 89 leur
788 2019 220 89 donna
935 2019 147 89 la
1009 2019 318 89 sépulture
1253 2019 196 89 près
1351 2019 98 89 de

373 2091 242 70 l’autel
549 2091 132 70 de
615 2091 154 70 ses
681 2091 176 70 dieux.

426 2161 143 77 Le
498 2161 190 77 plus
617 2161 214 77 jeune
759 2161 143 77 de
831 2161 167 77 ses
926 2161 190 77 fils
1045 2161 285 77 témoigne
1259 2161 143 77 sa
1306 2161 143 77 sur-

374 2224 204 113 prise
511 2224 136 113 et
579 2224 159 113 son
670 2224 341 113 indignation
942 2224 136 113 au
1010 2224 204 113 récit
1147 2224 159 113 que
1238 2224 159 113 lui
1306 2224 136 113 fait
