1578 2724
668 161 253 106 (60
776 161 109 106 )

308 252 230 86 France
469 252 184 86 pour
584 252 207 86 aller
723 252 115 86 à
769 252 184 86 Gand
884 252 253 86 apaiser
1068 252 161 86 une
1138 252 230 86 révolte.

306 338 136 62 Le
374 338 159 62 roi
465 338 136 62 de
533 338 249 62 France,
714 338 159 62 qui
805 338 204 62 avoit
941 338 159 62 été
1031 338 159 62 son
1099 338 272 62 prisonnier

307 404 108 71 à
351 404 130 71 la
416 404 260 71 bataille
611 404 130 71 de
676 404 217 71 Pavie,
828 404 130 71 le
893 404 195 71 reçut
1023 404 108 71 à
1045 404 325 71 Fontainebleau

305 482 181 59 avec
419 482 159 59 les
509 482 181 59 plus
622 482 227 59 grands
781 482 294 59 honneurs.
1008 482 136 59 Au
1076 482 227 59 milieu
1211 482 159 59 d’une

303 547 198 73 fête
427 547 173 73 que
526 547 148 73 la
600 547 198 73 cour
724 547 173 73 lui
823 547 247 73 donna,
996 547 173 73 des
1070 547 297 73 personnes,

307 607 293 91 rappelant
533 607 135 91 au
601 607 158 91 roi
691 607 135 91 sa
759 607 293 91 captivité
984 607 135 91 de
1052 607 248 91 Madrid,
1210 607 158 91 l’in-

305 685 232 63 vitent
467 685 116 63 à
513 685 139 63 en
583 685 209 63 tirer
722 685 324 63 vengeance.
977 685 139 63 De
1047 685 139 63 ce
1116 685 232 63 nombre
1255 685 116 63 est

306 756 142 68 la
377 756 283 68 duchesse
590 756 331 68 d’Étampes;
850 756 260 68 Charles
1038 756 331 68 l’apprend,
1275 756 94 68 il

308 839 111 46 a
352 839 243 46 recours
529 839 111 46 à
573 839 133 46 la
640 839 177 46 ruse
750 839 177 46 pour
861 839 133 46 la
927 839 221 46 mettre
1082 839 177 46 dans
1193 839 155 46 ses
1259 839 111 46 in-

307 909 260 59 térêts:
496 909 213 59 comme
638 909 142 59 il
709 909 142 59 va
780 909 142 59 se
851 909 213 59 laver
992 909 165 59 les
1087 909 213 59 mains
1205 909 165 59 avant

307 967 138 61 de
376 967 138 61 se
445 967 230 61 mettre
606 967 115 61 à
652 967 230 61 table,
813 967 138 61 il
883 967 184 61 tire
998 967 138 61 de
1067 967 161 61 son
1159 967 207 61 doigt
1274 967 92 61 un

303 1035 236 78 anneau
469 1035 307 78 précieux,
705 1035 142 78 et
776 1035 142 78 le
847 1035 236 78 laisse
1012 1035 236 78 tomber
1154 1035 213 78 exprès;

306 1098 135 65 la
374 1098 271 65 duchesse
577 1098 316 65 s’empresse
825 1098 135 65 de
893 1098 135 65 le
961 1098 271 65 ramasser
1164 1098 135 65 et
1232 1098 135 65 de
1277 1098 90 65 le

310 1168 194 87 rendre:
451 1168 194 87 Non,
592 1168 264 87 Madame
803 1168 123 87 lui
873 1168 194 87 dit-il,
1014 1168 158 87 il
1120 1168 123 87 est
1190 1168 106 87 en
1225 1168 141 87 de

307 1245 233 74 trop
476 1245 211 74 belles
624 1245 190 74 mains
751 1245 169 74 pour
857 1245 127 74 le
920 1245 381 74 reprendre
1216 1245 148 74 Fran-

308 1308 184 85 çois
423 1308 161 85 Ier
515 1308 138 85 ne
584 1308 207 85 s’est
722 1308 161 85 pas
814 1308 230 85 aperçu
975 1308 138 85 de
1044 1308 322 85 l’artifice
1274 1308 92 85 de

306 1393 289 60 Charles.
523 1393 337 60 Triboulet,
788 1393 265 60 bouffon
981 1393 145 60 de
1053 1393 145 60 la
1125 1393 217 60 cour,
1246 1393 120 60 ose

306 1445 157 81 lui
395 1445 247 81 montrer
575 1445 135 81 la
643 1445 202 81 liste
778 1445 157 81 des
867 1445 202 81 fous,
1002 1445 157 81 sur
1092 1445 270 81 laquelle
1272 1445 90 81 il

303 1525 212 68 vient
445 1525 330 68 d’inscrire
704 1525 141 68 le
775 1525 165 68 nom
869 1525 141 68 de
940 1525 354 68 l’empereur,
1199 1525 165 68 assez

308 1580 148 78 fou
392 1580 169 78 pour
498 1580 274 78 traverser
709 1580 127 78 la
772 1580 232 78 France:
941 1580 338 78 Mais
1215 1580 148 78 dit
1279 1580 84 78 le

310 1661 162 79 roi,
411 1661 182 79 si
532 1661 121 79 je
593 1661 121 79 le
653 1661 202 79 laisse
795 1661 222 79 passer,
957 1661 142 79 que
1038 1661 344 79 feras-tu?
1300 1661 61 79 —

306 1718 344 81 J’effacerai
589 1718 142 81 son
670 1718 162 81 nom,
772 1718 122 81 et
832 1718 142 81 j’y
913 1718 223 81 mettrai
1075 1718 122 81 le
1116 1718 243 81 vôtre

304 1799 151 62 Le
379 1799 353 62 connétable
657 1799 151 62 de
733 1799 379 62 Montmorency
1036 1799 252 62 paroit
1187 1799 177 62 outré

301 1854 148 72 de
375 1854 222 72 cette
523 1854 345 72 hardiesse,
794 1854 148 72 le
868 1854 295 72 cardinal
1089 1854 148 72 de
1138 1854 222 72 Tournon

304 1930 252 90 observe
488 1930 138 90 le
556 1930 206 90 dépit
694 1930 138 90 du
740 1930 367 90 connétable....

189 2033 209 99 62.
309 2033 508 99 Convalescence
727 2033 179 99 de
787 2033 269 99 Bayard.

357 2131 257 84 Bayard,
544 2131 491 84 chevalierfrançois
964 2131 187 84 dont
1081 2131 140 84 la
1127 2131 234 84 bravoure

307 2209 131 77 et
373 2209 131 77 la
438 2209 241 77 loyauté
614 2209 153 77 lui
701 2209 307 77 méritèrent
942 2209 131 77 le
1008 2209 219 77 surnom
1161 2209 131 77 de
1205 2209 153 77 Sans
