1599 2721
713 129 151 110 (
773 129 181 110 62
834 129 91 110 )

340 243 394 78 Marie-Félicie
664 243 162 78 des
757 243 255 78 Ursins,
942 243 139 78 sa
1012 243 232 78 veuve,
1174 243 139 78 se
1221 243 185 78 retira

343 310 185 78 dans
458 310 139 78 le
528 310 300 78 monastère
759 310 139 78 de
828 310 139 78 la
898 310 324 78 Visitation
1152 310 116 78 à
1175 310 231 78 Moulins,

339 382 186 83 elle
455 382 116 83 y
501 382 162 83 fit
594 382 232 83 élever
756 382 116 83 à
803 382 139 83 la
872 382 255 83 mémoire
1058 382 139 83 de
1128 382 162 83 son
1220 382 186 83 mari
1313 382 93 83 le

343 462 211 72 riche
483 462 282 72 mausolée
695 462 164 72 qui
789 462 282 72 subsiste
977 462 211 72 encore.

393 524 241 78 Depuis
562 524 169 78 ces
658 524 361 78 événements,
947 524 145 78 le
1019 524 289 78 cardinal
1236 524 145 78 de
1285 524 120 78 Ri-

339 587 291 77 chelieu,
557 587 340 77 traversant
824 587 146 77 la
897 587 194 77 même
1018 587 243 77 ville,
1188 587 194 77 crut
1285 587 121 77 de-

333 672 204 71 voir
460 672 280 71 envoyer
664 672 153 71 un
740 672 153 71 de
817 672 178 71 ses
919 672 229 71 pages
1072 672 255 71 auprès
1250 672 153 71 de
1301 672 102 71 la

340 727 261 66 duchesse,
541 727 161 66 pour
641 727 121 66 la
702 727 201 66 saluer
842 727 121 66 de
903 727 121 66 sa
963 727 181 66 part.
1083 727 261 66 «Dites
1264 727 141 66 à

338 801 194 82 Son
474 801 330 82 Eminence
746 801 330 82 répondit-elle
1017 801 117 82 au
1076 801 175 82 page,
1173 801 233 82 que

336 891 245 59 vous
514 891 178 59 avez
625 891 223 59 trouvé
781 891 134 59 la
848 891 200 59 veuve
981 891 134 59 du
1048 891 356 59 maréchal
1315 891 89 59 de

335 951 393 68 Montmorency
662 951 262 68 pleurant
859 951 218 68 encore
1011 951 196 68 après
1142 951 153 68 dix
1208 951 196 68 ans

338 1020 190 79 sur
471 1020 114 79 le
528 1020 209 79 tombeau
680 1020 114 79 de
736 1020 133 79 son
793 1020 247 79 époux.

388 1086 185 84 Elle
503 1086 161 84 est
596 1086 346 84 représentée
872 1086 231 84 assise
1034 1086 185 84 près
1149 1086 185 84 d’un
1242 1086 161 84 prie-

335 1157 194 59 Dieu
456 1157 243 59 tenant
626 1157 170 59 son
723 1157 291 59 mouchoir
941 1157 121 59 à
990 1157 146 59 la
1062 1157 218 59 main,
1208 1157 146 59 et
1256 1157 146 59 mon-

336 1223 218 86 trant
481 1223 146 86 au
554 1223 194 86 page
675 1223 146 86 le
748 1223 267 86 tombeau
942 1223 146 86 du
991 1223 146 86 duc.

220 1442 547 129 ROBERT-LEFÈVRE,
681 1442 173 129 né
767 1442 144 129 à
825 1442 317 129 Bayeux,
1026 1442 374 129 département

643 1544 154 69 du
695 1544 282 69 Calvados.

189 1624 153 106 64.

385 1714 271 74 L’Amour
582 1714 320 74 aiguisant
829 1714 172 74 ses
927 1714 246 74 traits
1100 1714 172 74 sur
1198 1714 148 74 un
1247 1714 148 74 roc,

334 1779 225 74 sourit
492 1779 135 74 en
560 1779 225 74 voyant
718 1779 203 74 qu’il
853 1779 135 74 en
921 1779 180 74 fait
1033 1779 225 74 sortir
1191 1779 135 74 du
1236 1779 158 74 sang.

335 1850 203 73 Cette
471 1850 180 73 joie
583 1850 248 73 annonce
764 1850 203 73 qu’il
899 1850 158 73 est
989 1850 203 73 cruel
1124 1850 135 73 et
1170 1850 225 73 méchant.

331 1930 139 58 On
400 1930 278 58 aperçoit
609 1930 162 58 son
702 1930 162 58 arc
794 1930 139 58 et
864 1930 162 58 son
957 1930 278 58 carquois
1165 1930 209 58 parmi
1281 1930 116 58 les

334 1991 231 83 fleurs
496 1991 185 83 dont
611 1991 139 83 il
680 1991 208 83 s’est
819 1991 208 83 servi
957 1991 185 83 pour
1050 1991 346 83 métamorphoser

334 2064 193 66 ceux
454 2064 169 66 qui
551 2064 169 66 ont
647 2064 169 66 été
744 2064 289 66 victimes
961 2064 145 66 du
1033 2064 265 66 pouvoir
1226 2064 145 66 de
1274 2064 121 66 ses

334 2141 229 62 traits.
500 2141 125 62 On
563 2141 270 62 distingue
771 2141 187 62 entre
895 2141 145 62 ces
978 2141 208 62 fleurs
1124 2141 125 62 le
1165 2141 229 62 narcisse,

334 2193 144 96 le
406 2193 337 96 tournesol,
671 2193 144 96 et
743 2193 385 96 l’hyacinthe.
1056 2193 144 96 La
1128 2193 217 96 fable
1249 2193 144 96 nous
