1599 2718
740 187 153 121 (
801 187 183 121 64
862 187 92 121 )

261 349 245 75 TAUNAY
432 349 539 75 (Nicolas-Antoine),
897 349 245 75 membre
1069 349 147 75 de
1118 349 318 75 l’Institut,

709 420 140 95 né
779 420 116 95 à
802 420 186 95 Paris.

261 536 196 88 67.
373 536 252 88 Messe
541 536 140 88 à
597 536 196 88 une
709 536 336 88 chapelle
962 536 168 88 de
1046 536 168 88 S.
1130 536 252 88 Roch,
1270 536 168 88 dans

320 615 218 100 une
444 615 373 100 campagne
724 615 404 100 d’Italie,
1036 615 249 100 pour
1160 615 280 100 obtenir

325 710 168 89 du
409 710 224 89 ciel
549 710 168 89 la
632 710 335 89 guérison
884 710 251 89 d’une
1024 710 307 89 épidémie.

429 797 141 76 On
499 797 188 76 voit
616 797 141 76 un
687 797 235 76 prêtre
851 797 117 76 à
898 797 282 76 l’autel,
1109 797 141 76 et
1180 797 164 76 des
1250 797 188 76 moines

370 875 174 74 qui
469 875 347 74 officient.
742 875 149 74 On
817 875 298 74 remarque
1040 875 149 74 au
1114 875 248 74 milieu
1263 875 174 74 d’eux

370 947 139 78 la
439 947 278 78 bannière
648 947 139 78 où
718 947 162 78 est
811 947 325 78 représenté
1066 947 139 78 S.
1135 947 209 78 Roch.
1275 947 162 78 Sur
1344 947 93 78 le

372 1016 242 69 devant
541 1016 145 69 du
614 1016 267 69 tableau
808 1016 145 69 et
881 1016 145 69 de
953 1016 194 69 tous
1075 1016 170 69 les
1171 1016 218 69 côtés
1293 1016 145 69 sont

374 1073 166 80 des
469 1073 308 80 habitants
706 1073 166 80 des
800 1073 308 80 campagnes
1037 1073 308 80 voisines,
1273 1073 142 80 et
1321 1073 118 80 les

374 1156 260 68 malades
563 1156 236 68 qu’ils
729 1156 165 68 ont
823 1156 355 68 transportés
1107 1156 189 68 pour
1202 1156 236 68 assister

373 1213 121 88 à
421 1213 218 88 cette
567 1213 242 88 pieuse
712 1213 291 88 cérémonie.

606 1344 423 102 PAYSAGE.

256 1484 207 76 68.
375 1484 207 76 Vue
493 1484 266 76 d’une
670 1484 296 76 partie
877 1484 177 76 du
966 1484 414 76 Mont-Cenis
1262 1484 177 76 dans

325 1580 171 93 un
410 1580 257 93 temps
581 1580 171 93 de
667 1580 285 93 neige.
866 1580 200 93 Sur
980 1580 171 93 le
1066 1580 314 93 premier
1265 1580 171 93 plan

327 1646 159 92 on
406 1646 212 92 voit
538 1646 159 92 un
618 1646 344 92 militaire
883 1646 265 92 blessé
1068 1646 185 92 qui
1174 1646 185 92 est
1254 1646 185 92 pansé

321 1733 216 101 par
445 1733 216 101 une
568 1733 278 101 femme
754 1733 309 101 devant
970 1733 185 101 un
1062 1733 216 101 feu
1155 1733 278 101 allumé.

387 1964 289 116 VAMBRÉE
597 1964 473 116 (Philippe-J.),
991 1964 158 116 né
1070 1964 131 116 à
1096 1964 210 116 Paris.

252 2067 230 99 69.
383 2067 328 99 Rubens
613 2067 262 99 dans
777 2067 197 99 le
875 2067 328 99 palais
1105 2067 197 99 du
1171 2067 262 99 Luxem-

321 2151 326 98 bourg,
549 2151 391 98 peignant
843 2151 293 98 Marie
1038 2151 195 98 de
1103 2151 326 98 Médicis,

324 2227 265 103 reine
500 2227 177 103 de
589 2227 324 103 France,
824 2227 265 103 veuve
1001 2227 177 103 de
1089 2227 265 103 Henri
1237 2227 147 103 IV.
