1554 2703
568 190 188 103 (
606 190 188 103 65)

262 296 138 73 La
331 296 207 73 Reine
469 296 161 73 est
562 296 346 73 représentée
838 296 230 73 assise
999 296 161 73 sur
1092 296 138 73 un
1138 296 138 73 fau-

211 350 237 73 teuil,
377 350 166 73 les
472 350 213 73 pieds
614 350 213 73 posés
756 350 166 73 sur
850 350 142 73 un
921 350 260 73 carreau
1110 350 142 73 de
1158 350 118 73 ve-

210 427 212 74 lours,
358 427 297 74 expliquant
592 427 106 74 à
635 427 149 74 son
720 427 170 74 fils
826 427 127 74 le
890 427 191 74 sujet
1017 427 127 74 du
1060 427 212 74 tableau;

209 498 189 84 elle
327 498 165 84 est
422 498 354 84 accompagnée
705 498 142 84 de
776 498 189 84 deux
894 498 330 84 princesses
1129 498 142 84 pla-

210 580 185 64 cées
326 580 278 64 derrière
534 580 208 64 elle.
673 580 232 64 Rubens
835 580 162 64 est
928 580 255 64 debout,
1090 580 185 64 tenant

210 638 130 69 la
275 638 238 69 palette
449 638 195 69 d’une
579 638 195 69 main,
709 638 130 69 et
774 638 130 69 de
839 638 238 69 l’autre
1012 638 130 69 le
1055 638 217 69 pinceau:

203 711 209 58 deux
333 711 261 58 chiens
516 711 183 58 que
620 711 209 58 l’on
751 711 313 58 remarque
959 711 313 58 rappellent

206 789 171 73 que
303 789 220 73 Marie
450 789 147 73 de
524 789 269 73 Médicis
720 789 171 73 les
818 789 245 73 aimoit
965 789 269 73 beaucoup.

153 869 149 103 Ce
228 869 299 103 tableau,
452 869 224 103 d’une
601 869 249 103 grande
775 869 373 103 réputation,
1074 869 149 103 et
1124 869 149 103 con-

101 951 137 81 nu
170 951 183 81 sous
284 951 137 81 le
353 951 160 81 nom
445 951 137 81 de
513 951 137 81 la
582 951 298 81 Naissance
811 951 137 81 de
880 951 206 81 Louis
1017 951 206 81 XIII,
1132 951 137 81 fai-

100 1042 187 80 soit
216 1042 234 80 partie
380 1042 140 80 de
450 1042 140 80 la
520 1042 257 80 Galerie
707 1042 140 80 du
777 1042 351 80 Luxembourg,
1058 1042 140 80 et
1128 1042 164 80 est
1198 1042 70 80 à

96 1094 271 101 présent
293 1094 246 101 exposé
466 1094 148 101 au
540 1094 222 101 Musée
663 1094 197 101 Royal.

172 1329 292 81 VANDAEL
385 1329 531 81 (Jean-François),
837 1329 159 81 né
916 1329 133 81 à
943 1329 239 81 Anvers.

95 1461 197 87 70.
207 1461 197 87 Des
320 1461 281 87 fleurs
517 1461 225 87 dans
657 1461 169 87 un
741 1461 225 87 vase
854 1461 309 87 d’agathe.

322 1708 308 104 WATELET
518 1708 504 104 (Louis

88 1804 205 104 71.
205 1804 322 104 Paysage
410 1804 380 104 historique.

242 1909 152 110 On
318 1909 203 110 voit
444 1909 177 110 sur
546 1909 152 110 le
622 1909 253 110 devant
799 1909 177 110 une
900 1909 228 110 danse
1052 1909 152 110 de
1103 1909 152 110 ber-

192 1998 231 78 gères,
354 1998 139 78 et
423 1998 185 78 plus
539 1998 185 78 loin
655 1998 162 78 une
747 1998 254 78 cascade
932 1998 254 78 tombant
1094 1998 162 78 d’une

191 2072 290 97 montagne
408 2072 193 97 près
529 2072 145 97 de
602 2072 290 97 laquelle
820 2072 193 97 sont
941 2072 290 97 quelques
1134 2072 121 97 fa

167 2142 249 89 briques.

926 2289 124 71 6.
