1557 2712
593 189 153 105 (
655 189 184 105 69
716 189 92 105 )

238 300 193 72 pour
359 300 266 72 arrêter
552 300 145 72 le
624 300 169 72 son
721 300 145 72 de
793 300 145 72 la
865 300 338 72 trompette;
1131 300 145 72 de
1179 300 121 72 ses

241 381 221 55 doigts
395 381 243 55 crochus
572 381 177 55 elle
682 381 199 55 tient
815 381 132 55 un
881 381 243 55 tableau
1057 381 132 55 du
1101 381 199 55 cloître

238 429 159 83 des
329 429 295 83 Chartreux
556 429 250 83 qu’elle
737 429 204 83 vient
873 429 136 83 de
941 429 272 83 dégrader
1123 429 136 83 (1).

289 509 193 63 Près
409 509 144 63 du
482 509 217 63 Génie
626 509 144 63 on
698 509 289 63 remarque
915 509 144 63 la
963 509 337 63 Philosophie,

239 577 161 74 qui
331 577 115 74 a
377 577 415 74 principalement
723 577 346 74 caractérisé
1000 577 161 74 les
1069 577 231 74 ouvrages

238 648 138 76 de
307 648 277 76 Lesueur;
515 648 208 76 d’une
653 648 185 76 main
768 648 185 76 elle
884 648 208 76 tient
1022 648 138 76 un
1091 648 208 76 livre
1207 648 92 76 où

243 717 139 58 est
323 717 199 58 écrit,
462 717 299 58 causarum
701 717 318 58 cognitio
960 717 139 58 (la
1019 717 279 58 connoissance

237 797 169 63 des
333 797 289 63 causes);
550 797 145 63 de
622 797 265 63 l’autre
815 797 193 63 elle
936 797 241 63 montre
1104 797 169 63 que
1177 797 120 63 Le-

239 857 202 68 sueur
373 857 157 68 est
463 857 135 68 au
531 857 225 68 séjour
688 857 135 68 de
756 857 405 68 l’Immortalité.
1093 857 202 68 Clio,
1205 857 90 68 la

239 916 183 86 muse
354 916 138 86 de
423 916 344 86 l’histoire,
698 916 206 86 écrit
835 916 161 86 sur
927 916 161 86 une
1019 916 275 86 tablette
1202 916 92 86 la

238 992 198 79 scène
370 992 176 79 dont
480 992 176 79 elle
590 992 154 79 est
678 992 242 79 témoin,
854 992 176 79 avec
964 992 198 79 cette
1074 992 220 79 inscrip-

246 1060 160 56 tion:
353 1060 142 56 A
441 1060 106 56 la
495 1060 195 56 mémoire
637 1060 177 56 de
761 1060 213 56 LESUEUR,
920 1060 248 56 peintre
1098 1060 195 56 fran

245 1126 123 75 çois

178 1389 153 75 (1)
266 1389 153 75 Cet
353 1389 241 75 épisode
528 1389 263 75 rappelle
725 1389 153 75 que
813 1389 153 75 des
900 1389 241 75 hommes,
1075 1389 219 75 jaloux
1206 1389 88 75 de

132 1464 236 63 Lesueur,
309 1464 255 63 tentèrent
505 1464 177 63 après
623 1464 118 63 sa
682 1464 157 63 mort
780 1464 295 63 d’affoiblir
1016 1464 118 63 sa
1055 1464 236 63 réputation

132 1521 122 67 en
193 1521 286 67 défigurant
417 1521 143 67 ses
479 1521 327 67 chefs
