1608 2715
757 145 158 104 (
821 145 190 104 72
884 145 95 104 )

387 241 191 78 d’un
506 241 262 78 manteau
697 241 143 78 et
768 241 238 78 coiffé
935 241 191 78 d’un
1054 241 286 78 chapeau;
1268 241 143 78 il
1316 241 143 78 sou-

389 319 214 74 tient
532 319 166 74 sur
627 319 166 74 son
722 319 190 74 bras
841 319 143 74 et
912 319 166 74 sur
1007 319 166 74 son
1102 319 214 74 genou
1221 319 238 74 l’enfant

387 389 119 68 à
435 389 190 68 demi
554 389 214 68 mort,
696 389 143 68 et
768 389 238 68 éssaie
934 389 119 68 à
982 389 262 68 ranimer
1172 389 166 68 ses
1243 389 214 68 forces,

386 461 146 55 en
459 461 170 55 lui
556 461 268 55 donnant
751 461 122 55 à
799 461 219 55 boire
945 461 195 55 dans
1067 461 170 55 une
1164 461 219 55 coupe
1286 461 170 55 gros-

384 546 268 59 sière;
572 546 161 59 en
652 546 214 59 même
786 546 241 59 temps
947 546 161 59 le
1027 546 241 59 chien
1188 546 161 59 du
1242 546 214 59 berger

387 587 209 89 lèche
526 587 163 89 les
619 587 209 89 pieds
758 587 139 89 de
828 587 302 89 l’enfant.
1060 587 209 89 Cette
1200 587 186 89 idée
1292 587 163 89 ingé-

388 671 227 60 nieuse
547 671 136 60 de
615 671 318 60 l’artiste,
865 671 159 60 qui
956 671 204 60 donne
1092 671 136 60 de
1160 671 295 60 l’intérêt
1364 671 91 60 au

380 738 269 88 sujet,
568 738 215 88 aide
703 738 161 88 en
783 738 215 88 même
918 738 242 88 temps
1079 738 134 88 à
1133 738 322 88 soutenir
1348 738 107 88 ce

384 807 255 77 groupe
562 807 407 77 heureusement
893 807 306 77 composé.
1122 807 178 77 Cet
1198 807 255 77 ouvrage,

388 892 166 61 une
483 892 166 61 des
578 892 190 61 plus
696 892 237 61 belles
862 892 356 61 productions
1147 892 142 61 de
1218 892 142 61 la
1265 892 190 61 sculp-

386 954 204 69 ture
513 954 306 69 moderne,
742 954 178 69 est
844 954 153 69 un
920 954 204 69 prix
1022 954 433 69 d’encouragement

385 1015 166 79 qui
480 1015 119 79 a
528 1015 142 79 eu
599 1015 142 79 le
670 1015 190 79 plus
789 1015 214 79 grand
931 1015 237 79 succès
1097 1015 119 79 à
1121 1015 332 79 l’exposition

381 1084 321 79 publique
622 1084 161 79 du
702 1084 268 79 Salon.
890 1084 161 79 La
970 1084 214 79 mort
1104 1084 241 79 ayant
1238 1084 214 79 enlevé

384 1156 199 74 trop
508 1156 174 74 tôt
608 1156 149 74 M.
682 1156 273 74 Chaudet
881 1156 174 74 aux
980 1156 224 74 beaux
1129 1156 224 74 arts,
1278 1156 149 74 ce
1328 1156 124 74 cé-

387 1217 192 78 lebre
515 1217 277 78 statuaire
728 1217 149 78 n’a
813 1217 128 78 pu
877 1217 128 78 en
941 1217 213 78 suivre
1090 1217 341 78 l’exécution;
1345 1217 107 78 (1)

385 1296 139 74 le
454 1296 232 74 modèle
616 1296 116 74 a
663 1296 162 74 été
755 1296 278 74 conservé
964 1296 162 74 par
1056 1296 232 74 madame
1218 1296 139 74 sa
1265 1296 185 74 veuve,

386 1360 169 82 qui
483 1360 266 82 l’avoit
676 1360 194 82 fait
797 1360 315 82 ébaucher.
1039 1360 145 82 M.
1112 1360 145 82 le
1185 1360 266 82 marquis
1354 1360 97 82 de

384 1427 372 65 Semonville,
682 1427 546 65 grand-référendaire
1153 1427 149 65 de
1228 1427 149 65 la
1277 1427 174 65 Cham-

386 1492 159 84 bre
477 1492 159 84 des
568 1492 227 84 Pairs,
726 1492 136 84 en
794 1492 113 84 a
839 1492 181 84 fait
953 1492 385 84 l’acquisition
1270 1492 181 84 pour
1360 1492 91 84 le

383 1571 232 61 Musée,
545 1571 139 61 et
615 1571 139 61 en
684 1571 116 61 a
731 1571 186 61 fait
847 1571 278 61 terminer
1056 1571 348 61 l’exécution
1311 1571 139 61 sous

382 1638 160 70 la
462 1638 346 70 direction
728 1638 160 70 de
808 1638 160 70 M.
888 1638 373 70 Cartelier,
1181 1638 266 70 membre
1341 1638 106 70 de

383 1706 312 96 l’Institut
628 1706 134 96 et
695 1706 134 96 de
762 1706 134 96 la
829 1706 223 96 Légion
962 1706 268 96 d’honneur.

331 1914 137 82 (1)
410 1914 176 82 Parmi
527 1914 137 82 les
606 1914 235 82 ouvrages
782 1914 137 82 que
861 1914 118 82 ce
920 1914 216 82 célèbre
1076 1914 216 82 artiste
1233 1914 98 82 a
1253 1914 196 82 laissés,

278 1981 128 79 on
342 1981 256 79 remarque
533 1981 277 79 Cyparisse
747 1981 256 79 pleurant
938 1981 149 79 son
1024 1981 192 79 jeune
1152 1981 192 79 cerf,
1258 1981 192 79 Cincin-

277 2067 209 58 natus,
423 2067 125 58 et
486 2067 230 58 l’Amour
653 2067 293 58 s’emparant
883 2067 125 58 de
946 2067 209 58 l’âme,
1093 2067 314 58 représentée
1323 2067 125 58 sous

278 2117 143 78 les
359 2117 204 78 signes
502 2117 163 78 d’un
584 2117 224 78 papillon.
