1599 2709
540 156 190 102 (
578 156 190 102 73)

198 305 585 149 BAS-RELIEF
658 305 251 149 EN
741 305 376 149 PLATRE.

86 673 272 75 MOITTE
276 673 572 75 (Jean-Guillaume),
767 673 381 75 sculpteur,
1039 673 218 75 membre

144 744 142 89 de
215 744 332 89 l’Institut
476 744 142 89 de
547 744 237 89 France
713 744 142 89 et
784 744 142 89 de
855 744 142 89 la
903 744 355 89 Légion-

146 828 207 79 neur,
284 828 138 79 né
353 828 138 79 et
422 828 184 79 mort
538 828 115 79 à
561 828 184 79 Paris.

96 951 200 115 74.
210 951 171 115 Un
295 951 399 115 Bas-Relief
609 951 456 115 représentant
979 951 171 115 la
1036 951 228 115 Francé

160 1068 358 75 entourée
429 1068 209 75 des
548 1068 328 75 Vertus,
787 1068 179 75 et
877 1068 358 75 appelant
1116 1068 149 75 ses

163 1138 303 98 enfants
384 1138 138 98 à
439 1138 165 98 sa
494 1138 275 98 défense.

263 1285 168 79 Les
359 1285 287 79 vieilles
574 1285 240 79 bandes
742 1285 311 79 précédées
982 1285 168 79 par
1077 1285 144 79 la
1125 1285 144 79 Vic-

215 1373 235 61 toire,
379 1373 164 61 qui
473 1373 188 61 leur
590 1373 235 61 montre
755 1373 164 61 des
848 1373 258 61 palmes,
1036 1373 188 61 prix
1130 1373 141 61 des-

216 1438 173 63 tiné
324 1438 108 63 à
367 1438 129 63 la
432 1438 237 63 valeur,
605 1438 237 63 prêtent
777 1438 129 63 le
842 1438 237 63 serment
1014 1438 129 63 de
1057 1438 216 63 défendre

216 1494 137 79 la
285 1494 229 79 France
445 1494 183 79 leur
559 1494 252 79 patrie.
742 1494 137 79 Le
811 1494 206 79 Génie
948 1494 137 79 de
1016 1494 137 79 la
1062 1494 206 79 gloire,

219 1559 305 81 déployant
453 1559 375 81 l’oriflamme,
758 1559 235 81 dirige
922 1559 141 81 le
993 1559 258 81 courage
1157 1559 117 81 des

222 1642 224 80 jeunes
378 1642 246 80 recrues
557 1642 157 80 qui
647 1642 269 80 marchent
849 1642 157 80 sur
938 1642 157 80 les
1028 1642 224 80 traces
1162 1642 112 80 des

222 1700 206 70 vieux
360 1700 298 70 guerriers
589 1700 206 70 leurs
726 1700 275 70 modèles.
932 1700 160 70 Les
1024 1700 206 70 mères
1139 1700 137 70 avec

223 1771 202 87 leurs
357 1771 247 87 filles,
537 1771 112 87 à
582 1771 225 87 genoux
739 1771 225 87 auprès
896 1771 135 87 de
964 1771 247 87 l’autel
1143 1771 135 87 de
1188 1771 90 87 la

226 1850 241 68 Patrie,
401 1850 263 68 semblent
598 1850 131 68 la
664 1850 263 68 supplier
861 1850 131 68 de
927 1850 285 68 préserver
1124 1850 153 68 leurs

229 1913 196 87 époux
360 1913 131 87 et
425 1913 196 87 leurs
556 1913 174 87 fils
665 1913 153 87 des
753 1913 240 87 dangers
927 1913 218 87 qu’ils
1080 1913 174 87 vont
1167 1913 109 87 af

206 1987 229 65 fronter.

268 2058 302 78 L’uniforme
505 2058 259 78 françois
699 2058 129 78 ne
764 2058 237 78 prétant
936 2058 151 78 pas
1022 2058 108 78 à
1066 2058 129 78 la
1109 2058 172 78 sculp-

235 2125 193 57 ture,
363 2125 278 57 l’artiste
577 2125 107 57 a
620 2125 150 57 été
706 2125 214 57 obligé
856 2125 321 57 d’emprunter
1113 2125 129 57 le
1156 2125 129 57 cos-

234 2191 198 84 tume
358 2191 173 84 des
457 2191 272 84 anciens
630 2191 248 84 Romains.

989 2258 111 85 7
