1641 2742
730 161 263 116 (76
843 161 113 116 )

264 255 216 73 PAJOU
408 255 361 73 (Augustin),
697 255 240 73 membre
865 255 144 73 de
937 255 337 73 l’Institut
1202 255 144 73 de
1250 255 192 73 France

323 329 128 73 et
387 329 128 73 de
450 329 128 73 la
514 329 447 73 Légion-d’Honneur,
897 329 128 73 né
961 329 191 73 à...,
1088 329 170 73 mort
1195 329 106 73 à
1216 329 170 73 Paris.

261 418 220 135 76.
386 418 315 135 Psyché
575 418 409 135 abandonnée.

338 539 209 102 Psyché
484 539 209 102 perdit
631 539 230 102 l’Amour
798 539 125 102 en
860 539 230 102 voulant
1028 539 125 102 le
1069 539 251 102 connoître.

429 625 236 82 Psyché
594 625 330 82 continuoit
854 625 118 82 à
901 625 283 82 regarder
1089 625 354 82 attenfivement

375 701 170 94 son
472 701 243 94 époux,
642 701 219 94 quand
787 701 170 94 une
885 701 243 94 goutte
1055 701 291 94 d’huile,
1249 701 194 94 tombée

374 783 146 63 de
447 783 146 63 sa
520 783 219 63 lampe
665 783 170 63 sur
763 783 292 63 l’épaule
981 783 146 63 de
1054 783 292 63 l’Amour,
1273 783 146 63 le
1321 783 122 63 ré-

377 832 261 76 veilla:
567 832 285 76 aussitôt
781 832 142 76 il
852 832 214 76 prend
994 832 166 76 son
1089 832 190 76 vol.
1208 832 237 76 Psyché
1350 832 95 76 le

376 909 209 65 suit;
515 909 186 65 mais
631 909 255 65 l’Amour
817 909 325 65 disparoit,
1072 909 209 65 après
1211 909 162 65 lui
1281 909 162 65 avoir

373 967 298 75 reproché
597 967 149 75 sa
671 967 323 75 crédulité
920 967 149 75 et
995 967 149 75 sa
1044 967 398 75 désobéissance.

370 1045 250 70 Psyché
545 1045 225 70 gémit
695 1045 150 70 et
770 1045 150 70 se
845 1045 325 70 désespère
1094 1045 275 70 d’avoir
1269 1045 175 70 causé

377 1105 302 73 elle-même
609 1105 162 73 son
702 1105 278 73 malheur.
910 1105 186 73 Elle
1026 1105 162 73 est
1119 1105 232 73 assise
1282 1105 162 73 sur
1351 1105 93 73 le

373 1178 174 77 lit
473 1178 299 77 nuptial,
697 1178 199 77 orné
821 1178 149 77 de
896 1178 323 77 couronnes
1144 1178 299 77 tressées
1343 1178 100 77 de

376 1240 237 75 myrtes
542 1240 142 75 et
613 1240 142 75 de
684 1240 237 75 roses,
850 1240 142 75 au
920 1240 237 75 milieu
1086 1240 331 75 desquelles
1323 1240 118 75 est

372 1310 144 95 un
444 1310 311 95 papillor,
683 1310 263 95 symbole
875 1310 144 95 de
923 1310 191 95 l’ame.

291 1521 339 76 ALLEGRIN,
552 1521 261 76 membre
735 1521 157 76 de
813 1521 157 76 la
891 1521 339 76 ci-devant
1126 1521 287 76 Académie.

266 1597 195 129 77.
378 1597 251 129 Diane
545 1597 251 129 prête
713 1597 140 129 à
768 1597 279 129 entrer
964 1597 167 129 au
1047 1597 251 129 bain.
1215 1597 167 129 La
1271 1597 167 129 tête

327 1690 146 104 a
385 1690 205 104 été
502 1690 263 104 faite
678 1690 322 104 d’après
911 1690 292 104 madame
1087 1690 263 104 Dubary.

263 1789 211 107 78.
384 1789 272 107 Vénus
565 1789 332 107 sortant
806 1789 181 107 du
867 1789 211 107 bain.

501 2011 405 90 OUVRAGE
759 2011 442 90 FLORENTIN.

269 2109 206 109 79.
386 2109 382 109 L’Amitié.
680 2109 235 109 Elle
827 2109 323 109 s’ouvre
1062 2109 176 109 le
1150 2109 235 109 cœur
1268 2109 176 109 pour

332 2198 303 101 montrer
553 2198 165 101 sa
608 2198 331 101 sincérité.
