1542 2682
595 158 148 107 (
624 158 177 107 81*)

334 486 658 82 SUPPLÉMENT.

233 836 239 135 DAVID
393 836 531 135 (Jacques-Louis),
844 836 159 135 né
923 836 133 135 à
950 836 212 135 Paris.

120 1031 199 96 98.
233 1031 199 96 Les
347 1031 285 96 amours
547 1031 171 96 de
632 1031 256 96 Paris
803 1031 171 96 et
860 1031 313 96 d’Hélène.

279 1209 202 97 Dans
405 1209 177 97 une
506 1209 227 97 salle
658 1209 152 97 de
733 1209 202 97 bain
860 1209 202 97 d’un
986 1209 227 97 style
1112 1209 177 97 grec,

228 1296 322 72 richement
476 1296 297 72 décorée,
698 1296 247 72 Pâris,
871 1296 247 72 coiffé
1045 1296 148 72 du
1094 1296 198 72 bonnet

224 1368 323 67 phrygien,
472 1368 149 67 et
547 1368 347 67 légèrement
820 1368 198 67 vétu
944 1368 198 67 d’un
1043 1368 248 67 manteau,

231 1419 161 81 est
323 1419 207 81 assis
461 1419 184 81 près
576 1419 184 81 d’un
691 1419 184 81 beau
806 1419 184 81 lit,
921 1419 253 81 couvert
1105 1419 138 81 de
1151 1419 138 81 dra-

229 1498 236 68 peries
395 1498 142 68 en
466 1498 307 68 désordre.
702 1498 142 68 Il
773 1498 283 68 entraîne
985 1498 189 68 vers
1103 1498 165 68 lui
1174 1498 118 68 Hé-

233 1560 207 81 lène,
371 1560 184 81 dont
486 1560 138 81 il
555 1560 230 81 presse
716 1560 138 81 le
784 1560 207 81 bras.
922 1560 253 81 Penchée
1106 1560 161 81 sur
1175 1560 115 81 son

232 1619 241 90 amant,
400 1619 265 90 Hélène,
593 1619 168 90 les
689 1619 193 90 yeux
810 1619 289 90 baissés,
1026 1619 241 90 semble
1171 1619 120 90 oc-

233 1693 203 65 cupée
369 1693 135 65 du
436 1693 271 65 souvenir
639 1693 135 65 de
707 1693 248 65 l’époux
887 1693 248 65 qu’elle
1068 1693 113 65 a
1090 1693 203 65 laissé,

233 1764 184 66 pour
348 1764 230 66 suivre
509 1764 138 66 ce
578 1764 322 66 ravisseur.
831 1764 207 66 Pâris
969 1764 138 66 va
1038 1764 253 66 quitter
1199 1764 92 66 sa

231 1829 222 66 lyre,
379 1829 197 66 pour
503 1829 148 66 ne
577 1829 321 66 s’occuper
823 1829 173 66 que
922 1829 148 66 de
996 1829 173 66 son
1070 1829 222 66 amante,

234 1913 217 60 qu’il
378 1913 265 60 regarde
571 1913 434 60 amoureusement.
933 1913 145 60 La
1005 1913 289 60 présence
1198 1913 96 60 de

234 1965 138 65 la
303 1965 230 65 statue
464 1965 138 65 de
534 1965 207 65 Vénus
672 1965 115 65 à
718 1965 277 65 laquelle
925 1965 184 65 sont
1017 1965 277 65 suspendues

234 2030 165 61 les
329 2030 212 61 armes
470 2030 141 61 du
540 2030 212 61 jeune
681 2030 235 61 prince
846 2030 259 61 troyen,
1034 2030 235 61 semble
1175 2030 118 61 ap-

236 2101 252 83 prouver
420 2101 161 83 les
511 2101 229 83 amours
672 2101 161 83 que
764 2101 206 83 cette
901 2101 229 83 déesse
1062 2101 115 83 a
1108 2101 138 83 si
1153 2101 138 83 bien

208 2171 262 86 protégés.
