1632 2727
766 179 153 90 (
796 179 183 90 82.)

286 328 210 107 99.
406 328 180 107 La
496 328 240 107 mort
646 328 180 107 de
706 328 300 107 Socrate.

456 476 275 99 Socrate,
662 476 320 99 philosophe
914 476 206 99 grec,
1051 476 252 99 s’étoit
1211 476 252 99 distingué

405 564 173 71 dans
513 564 151 71 les
600 564 173 71 arts
708 564 130 71 et
773 564 151 71 les
859 564 281 71 sciences,
1075 564 194 71 qu’il
1205 564 216 71 quitta
1334 564 130 71 pour

402 648 130 63 se
467 648 216 63 livrer
619 648 173 63 tout
727 648 216 63 entier
878 648 108 63 à
921 648 238 63 l’étude
1094 648 130 63 de
1159 648 130 63 la
1224 648 238 63 morale.
1376 648 87 63 La

405 705 233 65 liberté
574 705 170 65 avec
680 705 254 65 laquelle
871 705 127 65 il
935 705 276 65 aitaquoit
1147 705 170 65 tous
1253 705 148 65 les
1317 705 148 65 vices

401 771 162 87 lui
493 771 232 87 attira
656 771 278 87 beaucoup
864 771 324 87 d’envieux,
1119 771 162 87 qui
1188 771 278 87 travaillè-

402 832 181 102 rent
516 832 317 102 sourdement
765 832 113 102 à
810 832 136 102 le
878 832 249 102 décrier
1059 832 181 102 dans
1173 832 272 102 l’esprit
1354 832 113 102 des

402 900 318 101 Athéniens.
652 900 136 101 Il
720 900 159 101 fut
811 900 204 101 enfin
947 900 227 101 appelé
1106 900 136 101 en
1174 900 250 101 justice
1333 900 136 101 pour

403 973 213 78 cause
545 973 331 78 d’impiété,
805 973 142 78 et
876 973 165 78 fut
970 973 260 78 déclaré
1159 973 307 78 coupable.
1372 973 94 78 Ce

404 1041 338 99 philosophe
669 1041 169 99 fut
766 1041 265 99 conduit
959 1041 145 99 en
1031 1041 265 99 prison,
1224 1041 217 99 parut
1344 1041 121 99 de-

403 1139 177 68 vant
514 1139 155 68 des
602 1139 200 68 juges
735 1139 266 68 iniques,
935 1139 155 68 et,
1024 1139 177 68 quoi
1134 1139 200 68 qu’il
1267 1139 155 68 pût
1334 1139 133 68 dire

401 1188 189 83 pour
520 1188 260 83 prouver
709 1188 165 83 son
803 1188 331 83 innocence,
1063 1188 378 83 cesbarbares,
1347 1188 118 83 ga-

403 1239 188 94 gnés
521 1239 141 94 et
592 1239 306 94 prévenus,
827 1239 141 94 le
898 1239 377 94 condamnèrent
1204 1239 118 94 à
1251 1239 212 94 boire
1369 1239 94 94 la

403 1318 222 77 cigué.
558 1318 288 77 L’artiste
780 1318 111 77 a
824 1318 222 77 choisi
979 1318 133 77 le
1046 1318 222 77 moment
1201 1318 133 77 où
1245 1318 222 77 Socrate,

406 1384 213 80 assis
548 1384 165 80 sur
643 1384 142 80 un
713 1384 165 80 lit
808 1384 189 80 dans
926 1384 142 80 sa
997 1384 260 80 prison,
1186 1384 165 80 est
1256 1384 213 80 entouré

404 1455 142 91 de
475 1455 283 91 quelques
688 1455 354 91 philosophes
971 1455 165 91 ses
1066 1455 213 91 amis,
1207 1455 142 91 et
1278 1455 142 91 de
1325 1455 142 91 plu-

406 1538 231 63 sieurs
568 1538 139 63 de
637 1538 162 63 ses
730 1538 324 63 disciples,
984 1538 208 63 qu’il
1123 1538 324 63 entretient
1354 1538 116 63 sur

406 1597 402 84 l’immortalité
737 1597 142 84 de
808 1597 236 84 l’ame,
974 1597 189 84 dont
1092 1597 142 84 il
1163 1597 165 84 est
1257 1597 142 84 si
1305 1597 165 84 péné-

406 1662 178 98 tré,
517 1662 200 98 qu’il
650 1662 200 98 prend
783 1662 178 98 avec
894 1662 355 98 indifférence
1183 1662 133 98 la
1249 1662 200 98 coupe
1360 1662 111 98 fa-

410 1746 207 64 tale,
548 1746 161 64 que
640 1746 138 64 le
709 1746 207 64 valet
847 1746 161 64 lui
939 1746 207 64 donne
1077 1746 184 64 avec
1192 1746 276 64 douleur,
1376 1746 92 64 en

410 1808 316 74 détournant
659 1808 136 74 la
727 1808 203 74 tête.
862 1808 136 74 La
930 1808 384 74 consternation
1246 1808 136 74 et
1314 1808 136 74 le
1359 1808 113 74 dé-

413 1884 233 101 sespoir
582 1884 169 101 sont
688 1884 212 101 peints
836 1884 148 101 sur
921 1884 127 101 la
984 1884 212 101 figure
1132 1884 148 101 des
1196 1884 275 101 assistants.

355 1989 224 75 NOTA.
505 1989 174 75 Sur
604 1989 149 75 la
679 1989 274 75 demande
878 1989 149 75 de
953 1989 149 75 M.
1028 1989 149 75 le
1077 1989 399 75 Grand-

303 2063 239 64 daire,
470 2063 143 64 M.
542 2063 143 64 le
614 2063 263 64 marquis
805 2063 143 64 de
877 2063 239 64 Verac,
1044 2063 191 64 Pair
1163 2063 143 64 de
1235 2063 263 64 France,
1402 2063 72 64 a

304 2130 191 89 bien
424 2130 215 89 voulu
567 2130 239 89 prêter
734 2130 143 89 ce
806 2130 263 89 tableau
997 2130 191 89 pour
1117 2130 143 89 en
1188 2130 215 89 faire
1308 2130 167 89 jouir

308 2195 138 88 le
377 2195 229 88 public
537 2195 252 88 quelque
698 2195 206 88 teinps.
