1563 2694
441 288 294 102 TREZEL,
655 288 160 102 né
735 288 134 102 à
762 288 214 102 Paris.

135 442 247 113 100.
289 442 216 113 Les
413 442 309 113 femmes
629 442 185 113 de
691 442 370 113 Weinsberg.

299 626 243 67 Conrad
469 626 194 67 III,
590 626 291 67 empereur
809 626 388 67 d’Allemagne,
1100 626 194 67 assié-

239 689 232 77 geant
394 689 155 77 la
471 689 232 77 ville
626 689 155 77 de
704 689 361 77 Weinsberg,
987 689 155 77 en
1039 689 258 77 Bavière,

241 765 367 63 vaillamment
534 765 294 63 défendue
755 765 171 63 par
852 765 147 63 le
926 765 171 63 duc
1024 765 147 63 de
1073 765 220 63 Guelfe,

245 835 201 60 força
379 835 156 60 les
468 835 291 60 habitants
692 835 134 60 de
759 835 134 60 se
826 835 223 60 rendre
982 835 112 60 à
1004 835 291 60 discretion.

244 899 229 73 frrité
405 899 138 73 de
473 899 183 73 leur
588 899 298 73 opiniâtre
817 899 344 73 résistance,
1093 899 138 73 il
1138 899 161 73 avoit

243 959 183 84 juré
358 959 137 84 de
426 959 206 84 faire
564 959 229 84 passer
724 959 183 84 tous
838 959 160 84 les
930 959 206 84 mâles
1067 959 137 84 au
1136 959 160 84 fil
1204 959 92 84 de

244 1043 276 71 l’épée.
445 1043 176 71 Les
545 1043 251 71 femmes
721 1043 377 71 demandèrent
1023 1043 226 71 alors
1173 1043 126 71 à
1199 1043 100 71 se

248 1114 257 68 retirer
435 1114 140 68 en
505 1114 304 68 emportant
738 1114 140 68 ce
808 1114 280 68 qu’elles
995 1114 304 68 possédoient

248 1164 137 83 de
317 1164 183 83 plus
431 1164 297 83 précieux.
659 1164 206 83 Cette
796 1164 228 83 faveur
956 1164 183 83 leur
1071 1164 206 83 ayant
1185 1164 114 83 été

249 1247 304 67 accordée,
482 1247 327 67 l’empereur
739 1247 164 67 les
833 1247 187 67 vit,
950 1247 187 67 avec
1066 1247 234 67 autant
1207 1247 93 67 de

249 1314 268 75 surprise
449 1314 156 75 que
539 1314 379 75 d’admiration,
851 1314 223 75 sortir
1007 1314 134 75 de
1074 1314 134 75 la
1119 1314 178 75 ville,

250 1382 293 82 chargées
470 1382 147 82 de
543 1382 196 82 leur
665 1382 220 82 père,
812 1382 147 82 de
885 1382 196 82 leur
1008 1382 220 82 époux
1154 1382 147 82 et
1203 1382 98 82 de

250 1449 214 87 leurs
393 1449 285 87 enfants;
607 1449 143 87 et
678 1449 143 87 il
750 1449 285 87 pardonna
964 1449 119 87 à
1012 1449 167 87 ces
1083 1449 214 87 malheu-

251 1511 186 86 reux
344 1511 279 86 habitants.
