1561 2894
593 50 193 77 —
671 50 232 77 73
748 50 116 77 —

7 123 158 91 904.
106 123 335 91 Fréron
382 123 414 91 (Elie-Catherine),
736 123 197 91 poëte,
874 123 295 91 littérateur
1110 123 256 91 critique.
1307 123 118 91 L.
1347 123 118 91 aut.

56 213 163 57 sig.,
165 213 91 57 à
201 213 109 57 M.
255 213 181 57 Daize,
382 213 236 57 Célestin,
563 213 127 57 aux
636 213 254 57 Célestins,
835 213 91 57 à
871 213 308 57 Paris
1125 213 254 57 Fantaisie.
1324 213 109 57 20
1360 213 109 57 sep-

27 242 497 64 tembre
375 242 447 64 1773.
673 242 248 64 2
773 242 298 64 p.
922 242 447 64 in-4.
1220 242 248 64 4
1269 242 199 64 50

8 284 162 83 905.
109 284 345 83 Galien
393 284 142 83 (le
474 284 182 83 frère
595 284 243 83 Joseph),
778 284 182 83 moine
900 284 304 83 avignonais,
1143 284 243 83 écrivain
1305 284 162 83 contre

57 339 121 62 le
117 339 302 62 jansénisme.
359 339 121 62 L.
420 339 161 62 aut.
521 339 181 62 sig.,
641 339 101 62 à
682 339 121 62 M.
742 339 202 62 l’abbé
883 339 202 62 Acqua,
1024 339 101 62 :
1065 339 222 62 Editeur
1226 339 121 62 de
1287 339 121 62 S.
1347 339 121 62 E.
1387 339 81 62 le

56 385 238 57 cardinal
235 385 278 57 Crescenti,
454 385 99 57 à
493 385 378 57 Ferrare
811 385 238 57 Avignon,
990 385 119 57 25
1050 385 119 57 n.
1109 385 199 57 vembre
1248 385 179 57 1744.
1368 385 99 57 2
1388 385 79 57 p.

11 442 463 59 pl.
275 442 595 59 in-4.
672 442 728 59 Cachet.
1201 442 331 59 4
1268 442 198 59 »

122 481 130 62 Au
187 481 196 62 sujet
318 481 130 62 de
383 481 152 62 son
470 481 239 62 ouvrage
644 481 217 62 contre
796 481 130 62 le
861 481 304 62 jansénisme
1100 481 196 62 qu’il
1231 481 109 62 a
1274 481 217 62 envoyé
1405 481 65 62 à

53 530 187 71 Rome,
178 530 125 71 il
240 530 104 71 y
282 530 104 71 a
324 530 125 71 un
386 530 146 71 an,
469 530 166 71 pour
573 530 104 71 y
615 530 166 71 être
719 530 250 71 examiné,
906 530 125 71 et
969 530 166 71 dont
1073 530 125 71 il
1135 530 146 71 n’a
1218 530 146 71 pas
1302 530 125 71 de
1343 530 125 71 nou

33 581 186 57 velles.

7 622 162 67 906.
108 622 365 67 Gannal
412 622 243 67 médecin,
595 622 284 67 embaumeur.
818 622 122 67 L.
879 622 162 67 aut.
980 622 183 67 sig.,
1102 622 101 67 à
1142 622 162 67 M...
1244 622 162 67 Sans
1325 622 142 67 date.

29 669 225 53 2
119 669 315 53 gr.
299 669 270 53 p.
433 669 315 53 pl.
613 669 270 53 et
748 669 404 53 demie
1018 669 404 53 in-4.
1287 669 225 53 3
1332 669 135 53 »

125 710 209 82 Longs
264 710 139 82 et
334 710 371 82 intéressants
635 710 255 82 détails
821 710 162 82 sur
913 710 162 82 ses
1006 710 278 82 procédés
1192 710 278 82 d’embaume-

55 768 190 57 ment,
181 768 147 57 son
266 768 211 57 brevet
413 768 337 57 d’invention,
666 768 126 57 etc.

9 799 162 71 907.
110 799 365 71 Gantois
414 799 264 71 (Eusèbe),
617 799 243 71 ministre
800 799 122 71 de
861 799 122 71 la
921 799 203 71 parole
1063 799 122 71 de
1124 799 162 71 Dieu
1226 799 122 71 en
1266 799 203 71 l’église

56 861 126 63 de
119 861 210 63 Sédan.
266 861 210 63 Quitt.
414 861 168 63 aut.
519 861 189 63 sig.,
645 861 126 63 de
708 861 126 63 la
772 861 189 63 somme
898 861 126 63 de
961 861 168 63 cent
1066 861 295 63 vingt-cinq
1277 861 189 63 livres,

56 911 196 55 reçue
187 911 130 55 de
252 911 130 55 M.
317 911 283 55 Stasquin,
534 911 261 55 receveur
730 911 152 55 des
817 911 239 55 deniers
991 911 435 55 ecclésiastiques,
1339 911 130 55 pour

50 961 149 51 le
125 961 298 51 quartier
348 961 149 51 de
422 961 149 51 sa
497 961 298 51 pension.
720 961 124 51 2
770 961 198 51 août
894 961 223 51 1602.
1042 961 124 51 1
1092 961 149 51 p.
1166 961 273 51 in-fol.
1365 961 124 51 4
1390 961 74 51 »

10 999 156 83 908.
107 999 369 83 Gaultier
418 999 253 83 (l’abbé),
612 999 214 83 célèbre
768 999 311 83 instituteur.
1021 999 117 83 L.
1079 999 156 83 aut.
1176 999 175 83 sig.,
1293 999 97 83 à
1332 999 117 83 M.
1371 999 97 83 Re

45 1044 341 65 nouard.
293 1044 310 65 Paris,
510 1044 186 65 13
603 1044 248 65 mars
758 1044 279 65 1818.
943 1044 155 65 1
1005 1044 186 65 p.
1098 1044 310 65 in-12.
1315 1044 155 65 2
1346 1044 124 65 50

5 1081 175 72 909.
114 1081 415 72 Gavaudan
463 1081 218 72 (Mme),
616 1081 240 72 célèbre
791 1081 240 72 actrice
965 1081 131 72 de
1031 1081 436 72 l’Opéra-Comique.
1380 1081 87 72 L.

54 1147 174 58 aut.
163 1147 196 58 sig.,
293 1147 109 58 à
337 1147 152 58 Mme
424 1147 130 58 de
489 1147 369 58 Saint-Didier.
793 1147 217 58 Paris,
945 1147 152 58 1er
1032 1147 261 58 novembre
1228 1147 196 58 1838.
1358 1147 109 58 3
1380 1147 87 58 p.

-31 1195 750 61 pl.
397 1195 964 61 in-8.
1040 1195 535 61 5
1147 1195 321 61 »

8 1245 165 77 910.
111 1245 288 77 Gay
338 1245 165 77 (Mme
441 1245 247 77 Sophie),
626 1245 206 77 poëte,
771 1245 309 77 romancière.
1018 1245 124 77 L.
1080 1245 165 77 aut.
1183 1245 185 77 sig.,
1306 1245 103 77 à
1347 1245 124 77 M.
1389 1245 82 77 le

53 1290 312 47 chevalier
293 1290 264 47 Lablée.
485 1290 240 47 Paris,
653 1290 144 47 11
725 1290 192 47 mars
845 1290 216 47 1825.
989 1290 120 47 2
1037 1290 144 47 p.
1109 1290 168 47 pl.
1205 1290 216 47 in-8.
1349 1290 120 47 2
1373 1290 96 47 50

11 1332 140 63 911.
99 1332 299 63 Gence,
345 1332 246 63 traducteur
538 1332 105 63 de
591 1332 316 63 l'Imitation
854 1332 105 63 de
907 1332 369 63 Jésus-Christ
1223 1332 105 63 L.
1276 1332 140 63 aut.
1346 1332 123 63 sig.,

54 1390 118 83 à
102 1390 142 83 M.
172 1390 331 83 Villenave.
432 1390 236 83 Paris,
597 1390 142 83 27
668 1390 260 83 janvier
857 1390 212 83 1814.
999 1390 118 83 3
1046 1390 165 83 gr.
1140 1390 142 83 p.
1211 1390 212 83 in-4.
1353 1390 118 83 4
1377 1390 94 83 50

126 1434 213 64 Lettre
275 1434 341 64 intéressante
552 1434 128 64 au
616 1434 192 64 sujet
744 1434 128 64 de
808 1434 128 64 la
872 1434 320 64 publication
1128 1434 149 64 des
1213 1434 256 64 ouvrages
1384 1434 85 64 de

54 1478 162 86 MM.
147 1478 162 86 Hue
239 1478 139 86 et
309 1478 232 86 Cléry,
471 1478 162 86 sur
564 1478 209 86 Louis
703 1478 186 86 XVI,
819 1478 232 86 madame
982 1478 139 86 la
1051 1478 278 86 duchesse
1237 1478 232 86 d’Angou-

56 1524 204 73 lême,
170 1524 136 73 etc.

11 1562 160 82 912.
111 1562 340 82 Genlis
391 1562 160 82 (Mme
491 1562 120 82 la
551 1562 240 82 comtesse
731 1562 160 82 de).
832 1562 120 82 L.
892 1562 160 82 aut.
992 1562 180 82 sig.,
1112 1562 100 82 à
1152 1562 120 82 M.
1212 1562 120 82 le
1252 1562 220 82 chevalier

38 1621 437 55 Lablée.
356 1621 199 55 9
435 1621 318 55 août
634 1621 357 55 1824.
872 1621 199 55 1
952 1621 238 55 p.
1071 1621 357 55 in-4.
1309 1621 199 55 3
1349 1621 119 55 »

12 1660 159 67 913.
112 1660 378 67 Gilbert,
430 1660 219 67 médecin
590 1660 120 67 en
649 1660 159 67 chef
749 1660 120 67 de
809 1660 259 67 l'hôpital
1008 1660 259 67 militaire
1207 1660 120 67 de
1267 1660 199 67 Paris.
1386 1660 80 67 L.

57 1719 171 53 aut.
163 1719 192 53 sig.,
292 1719 107 53 à
334 1719 149 53 Mme
420 1719 256 53 Hortense
612 1719 128 53 de
676 1719 320 53 Céré-Barbé.
932 1719 214 53 Paris,
1082 1719 107 53 9
1124 1719 149 53 mai
1210 1719 192 53 1813.
1338 1719 107 53 1
1359 1719 107 53 gr.

-26 1764 640 76 p.
294 1764 960 76 in-4.
935 1764 533 76 2
1041 1764 427 76 50

130 1806 115 64 Au
187 1806 173 64 sujet
302 1806 115 64 de
360 1806 115 64 sa
417 1806 230 64 tragédie
590 1806 115 64 de
647 1806 364 64 Maximien
954 1806 211 64 qu’elle
1107 1806 134 64 lui
1184 1806 96 64 a
1203 1806 192 64 envoyée.

11 1849 160 69 914.
111 1849 339 69 Girard
390 1849 140 69 (le
470 1849 259 69 chevalier
669 1849 239 69 Philippe
849 1849 160 69 de).
948 1849 120 69 L.
1008 1849 160 69 aut.
1108 1849 180 69 sig.,
1228 1849 100 69 à
1268 1849 120 69 M.
1307 1849 160 69 Firmin

59 1905 207 56 Didot.
204 1905 311 56 Hirtemberg,
453 1905 145 56 par
536 1905 311 56 Gunselsdorf
784 1905 311 56 (Autriche).
1033 1905 124 56 26
1095 1905 186 56 avril
1219 1905 186 56 1827.
1344 1905 104 56 1
1364 1905 104 56 gr.

-8 1963 520 53 p.
252 1963 606 53 pl.
599 1963 780 53 in-4.
1119 1963 433 53 4
1205 1963 260 53 »

11 1990 167 75 915.
115 1990 563 75 Girodet-Trioson,
616 1990 229 75 célèbre
782 1990 250 75 peintre.
970 1990 125 75 L.
1032 1990 167 75 aut.
1137 1990 188 75 sig.,
1262 1990 104 75 à
1303 1990 146 75 son
1366 1990 104 75 al-

55 2051 202 60 tesse
189 2051 359 60 impériale...
481 2051 179 60 Sans
593 2051 202 60 date.
728 2051 112 60 3
773 2051 157 60 gr.
862 2051 135 60 p.
930 2051 157 60 pl.
1019 2051 135 60 et
1087 2051 202 60 demie
1221 2051 202 60 in-4.
1356 2051 135 60 12
1401 2051 67 60 »

129 2105 203 60 Lettre
271 2105 325 60 intéressante
535 2105 122 60 au
595 2105 183 60 sujet
717 2105 142 60 des
798 2105 244 60 dépenses
981 2105 183 60 qu’il
1103 2105 101 60 a
1143 2105 203 60 faites
1285 2105 162 60 pour
1367 2105 101 60 ses

61 2145 320 60 ateliers...
317 2145 128 60 il
381 2145 256 60 pourrait
573 2145 277 60 s’occuper
786 2145 149 60 des
872 2145 213 60 grands
1021 2145 256 60 tableaux
1213 2145 149 60 que
1298 2145 149 60 son
1362 2145 107 60 al-

63 2204 183 54 tesse
185 2204 142 54 lui
266 2204 102 54 a
307 2204 163 54 fait
409 2204 265 54 l’honneur
612 2204 122 54 de
673 2204 142 54 lui
755 2204 265 54 demander,
958 2204 122 54 et
1019 2204 122 54 de
1080 2204 163 54 ceux
1182 2204 122 54 de
1243 2204 122 54 sa
1284 2204 183 54 majesté

61 2246 145 68 qui
144 2246 104 68 a
186 2246 207 68 daigné
331 2246 145 68 lui
413 2246 228 68 confier
579 2246 311 68 l'exécution
828 2246 166 68 d’un
931 2246 186 68 grand
1056 2246 186 68 sujet
1180 2246 145 68 qui
1242 2246 228 68 représen-

62 2292 173 61 téra
171 2292 151 61 son
257 2292 216 61 entrée
408 2292 324 61 victorieuse
668 2292 173 61 dans
776 2292 130 61 la
841 2292 195 61 ville
971 2292 130 61 de
1036 2292 281 61 Vienne...
1252 2292 130 61 Un
1317 2292 130 61 de
1360 2292 108 61 ses

60 2340 171 73 gens
166 2340 149 73 est
252 2340 171 73 venu
359 2340 128 73 de
423 2340 128 73 sa
487 2340 171 73 part
593 2340 149 73 lui
679 2340 256 73 demander
871 2340 149 73 son
957 2340 192 73 habit
1085 2340 128 73 de
1149 2340 235 73 colonel
1320 2340 128 73 de
1362 2340 107 73 ca-

64 2389 272 62 rabiniers,
277 2389 175 62 etc.,
374 2389 117 62 etc.

14 2423 179 74 916.
125 2423 380 74 Goupilleau
438 2423 134 74 de
505 2423 380 74 Fontenay,
818 2423 402 74 conventionnel.
1153 2423 134 74 L.
1220 2423 179 74 aut.
1310 2423 156 74 sig.,

61 2484 204 57 comme
197 2484 363 57 représentant
492 2484 136 57 du
560 2484 227 57 peuple
719 2484 182 57 près
833 2484 250 57 l’armée
1014 2484 159 57 des
1082 2484 386 57 Pyrénées-

67 2541 189 57 tales,
199 2541 95 57 à
237 2541 132 57 son
313 2541 227 57 collègue
483 2541 113 57 et
540 2541 132 57 ami
615 2541 208 57 Projan,
767 2541 95 57 à
804 2541 378 57 Toulouse
1126 2541 113 57 Au
1182 2541 227 57 quartier
1334 2541 132 57 géné-

67 2583 134 51 ral
144 2583 115 51 de
201 2583 250 51 Figuière,
393 2583 115 51 16
451 2583 231 51 pluviôse
624 2583 115 51 an
681 2583 154 51 III.
778 2583 96 51 1
816 2583 134 51 gr.
893 2583 115 51 p.
950 2583 134 51 pl.
1027 2583 211 51 in-fol.
1181 2583 154 51 Tête
1258 2583 211 51 imprimée.

-14 2627 1287 54 Vignette.
976 2627 495 54 7
1075 2627 396 54 50

135 2669 215 68 Lettre
285 2669 344 68 intéressante
564 2669 129 68 au
629 2669 193 68 sujet
758 2669 150 68 des
844 2669 236 68 mesures
1016 2669 150 68 qui
1102 2669 150 68 ont
1188 2669 150 68 été
1274 2669 215 68 prises
1403 2669 64 68 à

66 2722 121 79 la
126 2722 181 79 suite
247 2722 121 79 de
307 2722 121 79 la
368 2722 181 79 prise
489 2722 121 79 de
529 2722 161 79 Roses.
