1570 2870
713 48 228 89 74
789 48 114 89 —

49 121 179 89 917.
161 121 358 89 Grammaire
452 121 157 89 des
541 121 336 89 fleurs,
810 121 179 89 avec
922 121 134 89 la
989 121 381 89 signification
1302 121 157 89 des
1370 121 134 89 cou-

91 189 283 50 leurs,
289 189 198 50 par
402 189 170 50 M.
486 189 283 50 Palma.
684 189 367 50 Manuscrit
967 189 170 50 de
1052 189 170 50 14
1137 189 170 50 p.
1221 189 254 50 in-4.
1391 189 141 50 5
1419 189 85 50 »

50 235 169 70 918.
155 235 379 70 Grignan
471 235 548 70 (Louis-Joseph-Adhémard
956 235 126 70 de
1019 235 232 70 Monteil
1188 235 169 70 de),
1293 235 211 70 évêque
1420 235 84 70 de

100 287 456 60 Carcassonne
497 287 119 60 L.
556 287 159 60 aut.
655 287 178 60 sig.,
774 287 99 60 à
814 287 119 60 M.
873 287 317 60 Chrétien-Fr.
1131 287 119 60 de
1191 287 278 60 Lamoignon.
1389 287 119 60 Car-

87 342 396 54 cassone,
384 342 165 54 8
450 342 297 54 avril
648 342 297 54 1693.
845 342 165 54 1
911 342 198 54 p.
1010 342 231 54 pl.
1142 342 297 54 in-4.
1340 342 165 54 4
1373 342 132 54 50

49 382 162 67 919.
150 382 405 67 Guébriant
494 382 142 67 (la
575 382 243 67 marquise
757 382 162 67 de),
858 382 101 67 à
899 382 142 67 qui
980 382 142 67 fut
1061 382 223 67 adressé
1223 382 121 67 le
1283 382 223 67 célèbre
1425 382 81 67 et

96 429 220 61 galant
250 429 220 61 billet
404 429 132 61 du
471 429 264 61 maréchal
669 429 132 61 de
735 429 308 61 Richelieu.
977 429 132 61 L.
1043 429 176 61 aut.
1153 429 198 61 sig.,
1286 429 110 61 à
1330 429 132 61 M.
1374 429 132 61 Des-

87 481 325 59 bordes.
324 481 295 59 Paris,
530 481 177 59 29
619 481 354 59 décembre
885 481 266 59 1779.
1062 481 148 59 1
1121 481 177 59 p.
1210 481 266 59 in-8.
1387 481 148 59 5
1416 481 89 59 »

51 522 150 77 920.
145 522 392 77 Guépratte,
481 522 262 77 astronome,
687 522 187 77 auteur
818 522 131 77 des
892 522 299 77 Problèmes
1135 522 112 77 et
1191 522 187 77 tables
1322 522 112 77 de
1359 522 150 77 la

94 575 430 56 navigation
466 575 117 56 L.
525 575 157 56 aut.
623 575 176 56 sig.,
740 575 98 56 à
779 575 98 56 M
818 575 117 56 ..
877 575 117 56 21
936 575 215 56 janvier
1092 575 176 56 1832.
1210 575 98 56 1
1249 575 117 56 p.
1307 575 176 56 in-4.
1425 575 98 56 2
1444 575 59 56 »

48 619 164 57 921.
151 619 370 57 Guitaud
459 619 226 57 (l’abbé
623 619 164 57 de).
726 619 123 57 L.
788 619 164 57 aut.
890 619 185 57 sig.,
1013 619 103 57 à
1054 619 123 57 M.
1116 619 226 57 Mauger.
1260 619 246 57 Espoisses,

81 669 208 61 11
185 669 417 61 décembre
498 669 313 61 1718.
706 669 174 61 4
776 669 208 61 p.
880 669 313 61 in-4.
1088 669 382 61 Cachet.
1366 669 174 61 4
1401 669 104 61 »

47 718 169 59 922.
153 718 360 59 Haller
449 718 254 59 (Albert,
639 718 190 59 baron
766 718 169 59 de),
872 718 254 59 médecin,
1062 718 317 59 anatomiste,
1316 718 190 59 élève
1421 718 85 59 de

97 761 312 59 Boerrhaave,
347 761 208 59 poëte,
492 761 332 59 littérateur.
762 761 125 59 L.
824 761 166 59 aut.
928 761 187 59 sig.,
1053 761 104 59 à
1094 761 125 59 M.
1157 761 270 59 Duchesne,
1344 761 166 59 avocat

90 814 154 52 au
167 814 360 52 Parlement.
450 814 128 52 4
501 814 334 52 septembre
758 814 231 52 1768.
912 814 128 52 2
964 814 154 52 p.
1041 814 231 52 in-4.
1195 814 283 52 Cachet.
1400 814 128 52 6
1426 814 77 52 »

49 858 156 60 923.
146 858 292 60 Herz
379 858 233 60 (Henri),
554 858 253 60 ptaniste,
749 858 311 60 compositeur.
1001 858 117 60 L.
1060 858 156 60 aut.
1157 858 175 60 sig.,
1274 858 117 60 au
1332 858 175 60 baron
1429 858 78 60 de

89 908 340 50 Trémont.
344 908 340 50 Décembre
599 908 255 50 1837.
769 908 142 50 1
826 908 170 50 p.
911 908 199 50 pl.
1025 908 255 50 petit
1195 908 255 50 in-8.
1365 908 142 50 2
1394 908 113 50 50

48 946 162 84 924.
149 946 283 84 Hue
372 946 142 84 (le
453 946 223 84 baron),
614 946 162 84 l’un
716 946 142 84 des
797 946 202 84 valets
938 946 121 84 de
999 946 223 84 chambre
1161 946 121 84 de
1222 946 182 84 Louis
1343 946 162 84 XVI.
1424 946 81 84 L.

95 1006 177 58 aut.
205 1006 199 58 sig.,
338 1006 110 58 à
382 1006 177 58 M...
492 1006 353 58 Saint-Cloud,
779 1006 132 58 21
845 1006 243 58 juillet
1022 1006 199 58 1818.
1154 1006 110 58 1
1198 1006 132 58 p.
1264 1006 199 58 in-4.
1397 1006 110 58 3
1419 1006 88 58 50

46 1052 169 59 925.
152 1052 466 59 Kalkbrenner
554 1052 317 59 (Frédéric),
808 1052 233 59 célèbre
977 1052 254 59 pianiste
1167 1052 127 59 et
1210 1052 296 59 compositeur.

99 1105 114 66 L.
156 1105 152 66 aut.
251 1105 152 66 sig.
346 1105 228 66 Fritx
517 1105 171 66 K
631 1105 133 66 (en
707 1105 247 66 anglais),
898 1105 95 66 à
936 1105 152 66 M...
1031 1105 171 66 1843.
1145 1105 95 66 2
1183 1105 114 66 p.
1240 1105 133 66 pl.
1316 1105 171 66 in-8.
1430 1105 95 66 3
1449 1105 57 66 »

44 1153 172 67 926.
152 1153 194 67 La
281 1153 323 67 Chambre
539 1153 237 67 (Pierre
712 1153 215 67 Cureau
862 1153 172 67 de),
970 1153 172 67 curé
1078 1153 129 67 de
1142 1153 387 67 St-Barthélemy,
1443 1153 65 67 à

92 1206 225 52 Paris,
249 1206 180 52 fils
361 1206 135 52 de
429 1206 202 52 Marin
564 1206 225 52 Cureau
721 1206 135 52 de
789 1206 135 52 La
856 1206 270 52 Chambre,
1058 1206 135 52 de
1126 1206 315 52 l’Académie
1351 1206 157 52 fran-

94 1251 224 69 çaise.
251 1251 291 69 Quittance
475 1251 179 69 sig.
587 1251 179 69 (sur
699 1251 247 69 parch.)
878 1251 224 69 Paris,
1035 1251 135 69 19
1102 1251 247 69 juillet
1282 1251 202 69 1691.
1416 1251 112 69 2
1439 1251 67 69 »

45 1291 188 69 927.
163 1291 212 69 La
304 1291 353 69 Chambre
587 1291 329 69 (Charlotte
845 1291 188 69 de),
963 1291 259 69 abbesse
1151 1291 141 69 de
1198 1291 306 69 Longchamps.

88 1356 302 54 Quitt.
299 1356 242 54 sig.
450 1356 242 54 (sur
601 1356 332 54 parch.)
843 1356 211 54 1er
963 1356 332 54 janvier
1205 1356 272 54 1666.
1386 1356 151 54 2
1416 1356 91 54 »

49 1401 130 80 928
124 1401 354 80 Lantier,
422 1401 279 80 littérateur
645 1401 112 80 et
701 1401 186 80 auteur
831 1401 279 80 dramatique,
1054 1401 186 80 auteur
1185 1401 112 80 du
1222 1401 279 80 Voyage

99 1458 365 55 d’Anténor
411 1458 139 55 etc.
498 1458 104 55 Né
550 1458 87 55 à
585 1458 348 55 Marseille
881 1458 400 55 (Bouches-du-Rhône).
1228 1458 104 55 L.
1280 1458 139 55 aut.
1367 1458 156 55 sig.,
1454 1458 52 55 à

92 1500 282 89 Champein.
309 1500 217 89 Paris,
461 1500 130 89 19
526 1500 260 89 novembre
721 1500 195 89 1817.
851 1500 108 89 2
894 1500 130 89 p.
959 1500 130 89 et
1024 1500 195 89 demie
1154 1500 217 89 in-8°.
1284 1500 217 89 Intéres-

-11 1554 1264 47 sante.
873 1554 632 47 5
1000 1554 505 47 »5

44 1581 177 95 929.
154 1581 199 95 La
287 1581 465 95 Rochejaquelin
685 1581 177 95 (Mme
796 1581 133 95 de
862 1581 221 95 Duras,
1017 1581 265 95 comtesse
1216 1581 177 95 de).
1327 1581 133 95 L.
1371 1581 133 95 aut.

92 1661 179 67 sig.,
212 1661 119 67 au
271 1661 219 67 docteur
430 1661 119 67 de
490 1661 119 67 La
550 1661 159 67 Rue.
649 1661 199 67 Paris,
789 1661 119 67 23
848 1661 159 67 oct.
948 1661 100 67 2
988 1661 119 67 p.
1047 1661 139 67 pl.
1127 1661 199 67 in-4°.
1266 1661 219 67 Cachet.
1425 1661 100 67 3
1445 1661 60 67 »

46 1697 162 75 930.
147 1697 426 75 Laurentie,
512 1697 304 75 publiciste.
756 1697 122 75 L.
816 1697 162 75 aut.
918 1697 183 75 sig.,
1040 1697 101 75 à
1080 1697 122 75 M.
1141 1697 223 75 Soulié,
1283 1697 223 75 rédacteur

92 1758 118 72 en
151 1758 157 72 chef
250 1758 118 72 de
309 1758 118 72 la
368 1758 452 72 Quotidienne
761 1758 275 72 Compiègne,
977 1758 118 72 13
1036 1758 216 72 juillet
1193 1758 177 72 1824.
1311 1758 98 72 1
1350 1758 118 72 p.
1390 1758 98 72 pl.

54 1795 580 53 in-4°.
460 1795 987 53 Intéressante.
1273 1795 290 53 5
1331 1795 174 53 »

43 1834 160 78 931.
143 1834 180 78 Le
263 1834 300 78 Baillif
504 1834 260 78 chimiste,
704 1834 200 78 auteur
844 1834 120 78 de
904 1834 220 78 notices
1064 1834 240 78 estimées
1245 1834 140 78 sur
1305 1834 200 78 quelques

89 1896 326 54 instruments
350 1896 131 54 et
416 1896 305 54 opérations
655 1896 305 54 chimiques.
894 1896 131 54 L.
959 1896 174 54 aut.
1068 1896 196 54 sig.,
1199 1896 109 54 à
1242 1896 131 54 M.
1286 1896 218 54 Gilbert.

89 1945 244 64 Paris,
260 1945 147 64 19
333 1945 269 64 janvier
528 1945 220 64 1827.
675 1945 122 64 2
724 1945 171 64 gr.
821 1945 147 64 p.
894 1945 171 64 pl.
992 1945 220 64 in-4.
1139 1945 317 64 Curieuse.
1383 1945 122 64 2
1407 1945 98 64 50

45 1996 160 66 932.
145 1996 180 66 Le
265 1996 240 66 Bœuf
445 1996 220 66 (l’abbé
605 1996 200 66 Jean),
745 1996 240 66 chanoine
924 1996 280 66 d’Auxerre,
1144 1996 200 66 auteur
1284 1996 160 66 d’un
1364 1996 140 66 grand

95 2049 193 52 nombre
230 2049 270 52 d’ouvrages
441 2049 135 52 sur
519 2049 270 52 l’histoire
730 2049 116 52 de
788 2049 212 52 France.
942 2049 116 52 Né
1000 2049 96 52 à
1039 2049 347 52 Auxerre
1308 2049 193 52 (Yonne).

89 2090 126 59 1°
152 2090 190 59 Notes
279 2090 169 59 aut.
384 2090 148 59 sur
468 2090 148 59 ses
553 2090 295 59 recherches
784 2090 337 59 historiques,
1058 2090 400 59 archéologiques,
1375 2090 126 59 etc.

92 2142 152 54 Une
179 2142 152 54 gr.
266 2142 130 54 p.
331 2142 152 54 pl.
418 2142 152 54 gr.
505 2142 239 54 in-fol.
679 2142 109 54 —
722 2142 130 54 2°
787 2142 174 54 Deux
896 2142 282 54 fragments
1113 2142 195 54 aut.,
1243 2142 174 54 dont
1352 2142 130 54 un
1395 2142 109 54 sur

92 2189 121 57 la
152 2189 303 57 suscription
394 2189 182 57 d’une
515 2189 202 57 lettre
657 2189 101 57 à
697 2189 141 57 lui
778 2189 262 57 adressée,
979 2189 141 57 par
1060 2189 121 57 le
1121 2189 161 57 père
1222 2189 202 57 Viger,
1343 2189 161 57 prêtre

40 2237 439 68 de
259 2237 1097 68 l’Oratoire.
1137 2237 366 68 7
1210 2237 293 68 50

45 2292 174 65 933.
154 2292 196 65 Le
284 2292 413 65 Bouthillier
632 2292 239 65 (Léon),
806 2292 196 65 comte
937 2292 130 65 de
1002 2292 283 65 Chavigny,
1219 2292 261 65 ministre
1393 2292 109 65 des

92 2340 229 57 affaires
264 2340 286 57 étrangères.
492 2340 114 57 L.
550 2340 153 57 aut.
645 2340 153 57 sig.
740 2340 381 57 Chavigny
1064 2340 95 57 à
1103 2340 114 57 M.
1160 2340 114 57 de
1217 2340 267 57 Hauterive,
1408 2340 95 57 co-

91 2390 198 52 lonel
223 2390 132 52 et
289 2390 308 52 gouverneur
531 2390 132 52 de
597 2390 220 52 Bréda.
751 2390 220 52 Paris,
906 2390 132 52 27
972 2390 176 52 juin
1082 2390 198 52 1643,
1214 2390 110 52 1
1258 2390 154 52 gr.
1346 2390 132 52 p.
1390 2390 110 52 pl.

65 2438 526 48 in-fol.
448 2438 526 48 Cachets
831 2438 287 48 et
975 2438 479 48 soies.
1310 2438 239 48 6
1357 2438 144 48 »

44 2492 155 60 934.
141 2492 330 60 Lekain
412 2492 349 60 (Henri-Louis),
703 2492 213 60 célèbre
858 2492 194 60 acteur
994 2492 252 60 tragique.
1188 2492 116 60 L.
1246 2492 155 60 aut.
1343 2492 175 60 sig.,
1440 2492 58 60 A

92 2535 301 61 Messieurs
337 2535 132 61 les
412 2535 264 61 semainiers
619 2535 113 61 de
676 2535 113 61 la
732 2535 414 61 Comédie-Française,
1090 2535 113 61 en
1146 2535 151 61 leur
1222 2535 282 61 assemblée

93 2584 114 57 au
150 2584 209 57 château
302 2584 133 57 des
378 2584 475 57 Thuilleries..
796 2584 114 57 Ce
853 2584 95 57 6
891 2584 152 57 juin
986 2584 171 57 1744,
1100 2584 95 57 1
1138 2584 114 57 p.
1195 2584 133 57 pl.
1271 2584 171 57 petit
1366 2584 133 57 in

92 2629 147 62 Fac
176 2629 210 62 simile
323 2629 126 62 et
386 2629 189 62 port.
512 2629 189 62 gravé
638 2629 168 62 in-4
743 2629 147 62 (le
828 2629 252 62 portrait
1017 2629 126 62 en
1080 2629 231 62 mauvais
1248 2629 210 62 état).
1395 2629 126 62 20
1437 2629 63 62 »

162 2675 254 66 Demande
346 2675 184 66 d’un
462 2675 207 66 congé
600 2675 184 66 pour
715 2675 207 66 faire
854 2675 161 66 les
946 2675 254 66 remèdes
1130 2675 161 66 que
1222 2675 138 66 M.
1268 2675 231 66 Tronchin

94 2720 183 74 vient
216 2720 122 74 de
277 2720 143 74 lui
358 2720 265 74 prescrire
562 2720 163 74 pour
664 2720 143 74 ses
745 2720 244 74 douleurs
928 2720 122 74 de
990 2720 204 74 reins,
1132 2720 183 74 etc.,
1234 2720 122 74 etc.
