1565 2868
626 16 192 89 —
702 16 230 89 75
779 16 115 89 —

41 109 166 80 935.
145 109 395 80 Lemaître
477 109 312 80 (Frédéric),
727 109 249 80 comédien
913 109 249 80 célèbre;
1100 109 125 80 il
1163 109 166 80 créa
1267 109 125 80 le
1329 109 166 80 rôle
1412 109 83 80 de

86 178 523 78 Robert-Macaire
548 178 121 78 L.
609 178 161 78 aut.
709 178 181 78 sig.,
830 178 121 78 au
890 178 221 78 docteur
1051 178 181 78 Noël.
1171 178 201 78 Paris.
1312 178 101 78 2
1352 178 141 78 gr.
1413 178 80 78 p.

-49 228 1392 53 in-4.
879 228 773 53 6
1034 228 464 53 »

40 264 174 64 936.
149 264 195 64 La
279 264 326 64 Mennais
540 264 239 64 (l’abbé
713 264 130 64 F.
779 264 174 64 de);
887 264 239 64 célèbre
1061 264 326 64 publiciste.
1321 264 130 64 L.
1365 264 130 64 aut.

86 317 173 59 sig.
195 317 130 59 F.
260 317 152 59 L.,
346 317 108 59 à
390 317 217 59 Madame
541 317 130 59 Z.
606 317 260 59 Clément,
801 317 130 59 au
866 317 238 59 château
1039 317 130 59 de
1104 317 303 59 Richemond.
1321 317 173 59 Paris,

80 367 163 61 13
161 367 299 61 février
379 367 245 61 1839,
542 367 136 61 2
597 367 163 61 p.
679 367 191 61 pl.
787 367 245 61 petit
951 367 218 61 in-8
1087 367 381 61 (inédite).
1386 367 136 61 6
1413 367 82 61 »

143 419 232 59 ...Elle
312 419 211 59 n’aura
460 419 169 59 pas,
565 419 127 59 au
628 419 211 59 reste,
776 419 106 59 à
818 419 274 59 regretter
1030 419 127 59 le
1093 419 253 59 carnaval
1283 419 127 59 de
1325 419 169 59 Paris,

85 457 145 62 car
168 457 124 62 on
230 457 124 62 le
293 457 145 62 dit
376 457 145 62 des
459 457 166 62 plus
562 457 249 62 tristes.
749 457 187 62 Outre
874 457 124 62 la
936 457 207 62 misère
1081 457 145 62 qui
1164 457 145 62 ost
1247 457 228 62 grande,
1392 457 104 62 les

86 516 231 63 esprits
254 516 168 63 sont
359 516 294 63 préoccupés
590 516 126 63 de
653 516 126 63 la
716 516 273 63 situation
927 516 273 63 politique
1137 516 126 63 et
1200 516 126 63 de
1263 516 126 63 la
1305 516 189 63 gravité

86 556 156 62 des
175 556 311 62 événements
419 556 156 62 qui
508 556 133 62 se
552 556 267 62 préparent.

39 587 160 87 937.
139 587 180 87 Le
259 587 260 87 Sueur
458 587 399 87 (Jean-François),
798 587 320 87 compositeur.
1058 587 120 87 Né
1118 587 120 87 au
1157 587 340 87 Plessiel

86 660 253 68 (Somme).
276 660 127 68 L.
339 660 169 68 aut.
444 660 190 68 sig.,
571 660 127 68 au
634 660 232 68 citoyen
803 660 295 68 Cellérier.
1035 660 211 68 Paris,
1183 660 127 68 17
1225 660 274 68 vendémiaire

51 714 348 48 an
225 714 405 48 XI,
457 714 290 48 1
572 714 348 48 p.
746 714 521 48 in-4.
1094 714 290 48 8
1209 714 290 48 3
1267 714 232 48 50

42 747 156 58 938.
140 747 313 58 Lévis
394 747 137 58 (le
473 747 137 58 duc
551 747 156 58 de),
648 747 313 58 constituant,
903 747 195 58 membre
1039 747 117 58 de
1098 747 293 58 l’Institut.
1333 747 117 58 L.
1372 747 117 58 aut.

87 802 201 54 sig.,
221 802 112 54 à
266 802 134 54 M.
333 802 134 54 le
400 802 269 54 baron...
602 802 224 54 Paris,
758 802 134 54 20
825 802 157 54 mai
915 802 201 54 1815,
1049 802 112 54 1
1094 802 134 54 p.
1161 802 157 54 pl.
1251 802 201 54 in-4.
1385 802 112 54 2
1407 802 90 54 50

42 855 162 85 939.
143 855 243 85 Louis
325 855 243 85 XHII
507 855 141 85 roi
587 855 121 85 de
648 855 222 85 France.
810 855 121 85 L.
870 855 162 85 aut.
972 855 182 85 sig.,
1093 855 121 85 au
1153 855 202 85 prince
1295 855 121 85 de
1335 855 162 85 Condé.

84 901 262 64 Paris,
267 901 157 64 18
346 901 314 64 décembre
581 901 236 64 1626.
739 901 131 64 1
791 901 157 64 p.
869 901 183 64 pl.
974 901 236 64 in-4.
1131 901 314 64 Cachets.
1367 901 157 64 35
1419 901 79 64 «

133 940 195 71 Ayant
263 940 173 71 fait
372 940 152 71 une
458 940 282 71 assemblée
675 940 130 71 de
740 940 260 71 notables
935 940 130 71 en
1000 940 130 71 sa
1065 940 195 71 ville
1196 940 130 71 de
1261 940 195 71 Paris
1369 940 130 71 pour

90 997 184 52 avoir
212 997 163 52 leur
314 997 163 52 avis
416 997 143 52 sur
498 997 143 52 les
580 997 286 52 règlements
804 997 184 52 qu’il
927 997 204 52 désire
1070 997 184 52 faire
1193 997 163 52 pour
1295 997 123 52 la
1336 997 163 52 réfor-

87 1043 224 67 mation
244 1043 135 67 de
311 1043 157 67 son
400 1043 202 67 état,
535 1043 135 67 il
602 1043 112 67 a
647 1043 179 67 bien
759 1043 202 67 voulu
894 1043 179 67 l’en
1006 1043 269 67 informer
1208 1043 202 67 avant
1320 1043 179 67 qu’ils

88 1095 235 79 passent
258 1095 256 79 outre...
451 1095 128 79 Il
515 1095 171 79 sera
621 1095 256 79 toujours
814 1095 171 79 bien
920 1095 171 79 aise
1027 1095 128 79 de
1091 1095 149 79 lui
1177 1095 214 79 donner
1326 1095 171 79 part
1412 1095 85 79 de

89 1140 131 65 ce
155 1140 196 65 qu’il
285 1140 305 65 délibérera
524 1140 174 65 pour
633 1140 131 65 le
699 1140 174 65 bien
807 1140 131 65 de
873 1140 152 65 son
938 1140 261 65 royaume...

42 1192 159 66 940.
142 1192 319 66 Louis
401 1192 239 66 Dauphin,
580 1192 140 66 dit
660 1192 120 66 le
720 1192 179 66 Grand
839 1192 239 66 Dauphin,
1019 1192 159 66 fils
1118 1192 159 66 aîné
1218 1192 120 66 de
1278 1192 179 66 Louis
1377 1192 120 66 XIV.

91 1243 120 63 L.
151 1243 160 63 aut.
251 1243 160 63 sig.
352 1243 140 63 (en
432 1243 220 63 latin).
592 1243 160 63 A
692 1243 241 63 Monsieur
873 1243 180 63 Huet,
993 1243 140 63 mon
1053 1243 441 63 sous

82 1288 214 51 Sans
216 1288 240 51 date.
376 1288 134 51 1
430 1288 187 51 gr.
536 1288 160 51 p.
617 1288 187 51 pl.
723 1288 240 51 in-4.
884 1288 294 51 Cachets
1097 1288 160 51 et
1177 1288 267 51 soies.
1364 1288 160 51 18
1418 1288 80 51 »

40 1324 162 79 941.
141 1324 243 79 Louis
324 1324 284 79 XVIII
547 1324 142 79 roi
628 1324 122 79 de
689 1324 223 79 France.
851 1324 122 79 L.
912 1324 162 79 aut.
1013 1324 183 79 sig.,
1135 1324 101 79 à
1175 1324 162 79 M...
1277 1324 223 79 Mittau,
1419 1324 81 79 13

71 1390 402 66 octobre
364 1390 329 66 1799.
584 1390 329 66 Tiers
803 1390 219 66 de
913 1390 293 66 page
1096 1390 329 66 in-4.
1315 1390 219 66 12
1388 1390 110 66 »

140 1441 115 54 Il
197 1441 134 54 est
274 1441 153 54 fort
370 1441 230 54 sensible
542 1441 96 54 à
580 1441 115 54 la
638 1441 153 54 part
733 1441 172 54 qu’il
848 1441 96 54 a
886 1441 172 54 prise
1001 1441 96 54 à
1040 1441 211 54 l’union
1193 1441 115 54 de
1250 1441 134 54 ses
1308 1441 191 54 enfants,

90 1488 118 70 et
149 1488 118 70 il
209 1488 178 70 était
327 1488 237 70 d’avance
505 1488 158 70 bien
604 1488 197 70 assuré
742 1488 118 70 de
801 1488 118 70 la
860 1488 158 70 joie
959 1488 217 70 qu’elle
1117 1488 138 70 lui
1176 1488 237 70 causerait.

42 1531 166 70 942.
146 1531 333 70 Maine
416 1531 436 70 (Louise-Bénédicte
790 1531 125 70 de
853 1531 249 70 Bourbon,
1040 1531 249 70 duchesse
1227 1531 166 70 du).
1331 1531 125 70 L.
1372 1531 125 70 aut.

89 1589 189 57 sig.,
215 1589 126 57 au
278 1589 252 57 cardinal
467 1589 126 57 de
530 1589 231 57 Fleurv.
698 1589 231 57 Sceaux,
866 1589 126 57 23
929 1589 231 57 février
1097 1589 189 57 1732.
1223 1589 105 57 2
1265 1589 147 57 gr.
1349 1589 126 57 p.
1391 1589 105 57 pl.

45 1637 569 64 in-4.
424 1637 885 64 Cachet.15.
1182 1637 379 64 16
1308 1637 190 64 »

41 1678 159 63 943.
141 1678 398 63 Marmontel
479 1678 398 63 (Jean-François),
818 1678 299 63 littérateur
1057 1678 120 63 et
1117 1678 199 63 auteur
1236 1678 259 63 dramatique.

91 1736 113 60 Né
148 1736 94 60 à
185 1736 282 60 Bort
410 1736 263 60 (Corrèze).
617 1736 113 60 1°
673 1736 113 60 L.
729 1736 150 60 aut.
823 1736 169 60 sig.,
936 1736 94 60 à
973 1736 113 60 M.
1030 1736 244 60 Rousseau,
1217 1736 300 60 (journaliste
1443 1736 56 60 à

89 1782 299 61 Bouillon).
324 1782 107 61 4
366 1782 192 61 mars,
494 1782 192 61 1775.
622 1782 107 61 1
665 1782 128 61 p.
729 1782 192 61 in-4.
857 1782 107 61 —
900 1782 128 61 2°
964 1782 214 61 Minute
1114 1782 171 61 aut.
1220 1782 192 61 d’une
1327 1782 171 61 lettre

88 1831 129 69 au
152 1831 150 69 roi
238 1831 129 69 de
302 1831 257 69 Pologne.
495 1831 107 69 2
538 1831 129 69 p.
602 1831 129 69 et
666 1831 193 69 demie
795 1831 193 69 in-8,
923 1831 171 69 avec
1031 1831 150 69 des
1116 1831 257 69 ratures.
1309 1831 129 69 Au
1352 1831 150 69 sujet

72 1879 225 50 de
185 1879 263 50 son
335 1879 338 50 roman
560 1879 225 50 de
673 1879 788 50 Bélisaire
1348 1879 188 50 6
1385 1879 113 50 «

42 1909 164 78 944.
145 1909 308 78 Mars
391 1909 226 78 (Mlle),
555 1909 226 78 célèbre
719 1909 308 78 comédienne.
966 1909 123 78 L.
1027 1909 164 78 aut.
1130 1909 185 78 sig.,
1253 1909 103 78 à
1294 1909 123 78 M.
1335 1909 164 78 Armand

80 1973 325 55 Séguin.
317 1973 177 55 Ce
406 1973 325 55 jeudi..
642 1973 148 55 1
701 1973 177 55 p.
790 1973 266 55 in-8.
968 1973 266 55 Jolie
1145 1973 325 55 lettre.
1382 1973 148 55 5
1411 1973 89 55 »

42 2000 167 83 945.
146 2000 417 83 Massillon
500 2000 271 83 (Joseph),
709 2000 187 83 neveu
834 2000 125 83 de
896 2000 250 83 l’évêque
1083 2000 125 83 de
1146 2000 271 83 Clermont,
1333 2000 167 83 prêtre

91 2075 126 55 de
154 2075 315 55 l’Oratoire.
406 2075 168 55 Mort
512 2075 126 55 en
575 2075 168 55 1780
680 2075 105 55 à
722 2075 126 55 76
785 2075 168 55 ans.
890 2075 126 55 L.
953 2075 168 55 aut.
1058 2075 189 55 sig.,
1185 2075 105 55 à
1227 2075 126 55 M.
1290 2075 126 55 de
1332 2075 168 55 Saint-

92 2117 235 61 Martin,
262 2117 235 61 avocat,
433 2117 107 61 à
475 2117 277 61 Grenoble.
689 2117 235 61 Vienne,
859 2117 107 61 5
902 2117 192 61 juin.
1030 2117 107 61 3
1073 2117 128 61 p.
1137 2117 149 61 pl.
1222 2117 192 61 in-8.
1328 2117 171 61 Cachet

34 2171 1386 54 (Raccommodée).
1189 2171 385 54 6
1266 2171 231 54 »

46 2209 153 63 946.
141 2209 402 63 Maupertais
486 2209 191 63 (P.-L.
619 2209 191 63 Moreau
753 2209 153 63 de),
849 2209 344 63 mathématicien.
1136 2209 115 63 Né
1193 2209 96 63 à
1212 2209 287 63 Saint

90 2261 302 58 Malo
332 2261 444 58 (Ille-et-Vilaine).
715 2261 121 58 L.
775 2261 161 58 aut.
876 2261 181 58 sig.,
997 2261 101 58 à
1037 2261 141 58 son
1118 2261 202 58 ami...
1259 2261 242 58 Potzdam,
1420 2261 81 58 27

63 2314 594 52 avril...
508 2314 248 52 1
607 2314 297 52 p.
756 2314 347 52 pl.
954 2314 446 52 in-4.
1300 2314 248 52 6
1350 2314 149 52 «

46 2358 155 60 947.
142 2358 406 60 Mélesville
490 2358 445 60 (Anne-Honorè-Joseph
877 2358 406 60 Duveyrier
1225 2358 174 60 connu
1341 2358 155 60 sous
1419 2358 77 60 le

91 2421 149 64 nom
176 2421 171 64 de),
283 2421 235 64 avocat,
453 2421 213 64 auteur
603 2421 320 64 dramatique.
859 2421 128 64 L.
923 2421 171 64 aut.
1030 2421 192 64 sig.,
1158 2421 107 64 à
1200 2421 128 64 M.
1264 2421 128 64 de
1307 2421 192 64 Pixéré-

83 2458 295 77 court.
289 2458 177 77 20
377 2458 295 77 avril.
583 2458 147 77 2
642 2458 177 77 p.
731 2458 206 77 pl.
849 2458 177 77 et
937 2458 265 77 quart
1114 2458 265 77 in-8.
1291 2458 147 77 6
1350 2458 147 77 2
1379 2458 118 77 75

135 2506 338 71 Changements
406 2506 113 71 à
451 2506 203 71 faire
586 2506 180 71 dans
699 2506 135 71 un
744 2506 360 71 opéra

46 2557 151 66 948.
140 2557 339 66 Mercœur
423 2557 226 66 (Élisa),
593 2557 188 66 poëte,
724 2557 245 66 surnommée
913 2557 113 66 la
969 2557 207 66 Muse
1120 2557 320 66 Nantuise
1384 2557 132 66 Née
1440 2557 57 66 à

98 2603 264 55 Nantes
316 2603 357 55 (Loire-Inférieure).
627 2603 155 55 Les
736 2603 78 55 5
767 2603 93 55 et
813 2603 78 55 6
844 2603 186 55 juin
984 2603 140 55 1832.
1077 2603 124 55 A
1155 2603 93 55 Sa
1202 2603 171 55 Majesté
1311 2603 186 55 Louis

99 2658 276 66 Philippe
319 2658 147 66 Ier,
411 2658 129 66 roi
485 2658 129 66 des
559 2658 313 66 Français
816 2658 166 66 Pièce
927 2658 110 66 de
982 2658 147 66 vers
1074 2658 184 66 écrite
1203 2658 129 66 par
1276 2658 110 66 sa
1331 2658 166 66 mère,
1423 2658 74 66 et

95 2707 257 77 terminée
288 2707 150 77 par
373 2707 193 77 trois
502 2707 214 77 lignes
652 2707 279 77 d’hommage
866 2707 107 77 à
909 2707 129 77 M.
974 2707 236 77 Casimir
1145 2707 300 77 Broussais,
1359 2707 129 77 aut.
