1594 2860
654 25 193 96 —
732 25 232 96 76
809 25 116 96 —

118 107 163 94 sig.
219 107 102 94 7
260 107 142 94 gr.
342 107 122 94 p.
403 107 142 94 pl.
484 107 224 94 in-fol.
647 107 244 94 Curieuse
830 107 183 94 pièce
952 107 142 94 par
1034 107 122 94 la
1095 107 224 94 réunion
1257 107 122 94 et
1318 107 122 94 la
1359 107 163 94 compa-

95 182 460 58 raison
417 182 322 58 des
601 182 368 58 deux
831 182 644 58 écritures.
1336 182 230 58 9
1382 182 138 58 »

72 223 163 73 949.
174 223 368 73 Michaud
480 223 572 73 (Claude-Ignace-François,
991 223 225 73 baron),
1154 223 225 73 général
1318 223 123 73 de
1379 223 123 73 la
1420 223 102 73 Ré

119 287 261 57 publique.
319 287 120 57 Né
380 287 100 57 à
420 287 441 57 Chaux-Neuve
800 287 241 57 (Doubs).
981 287 120 57 Il
1041 287 100 57 a
1081 287 140 57 été
1161 287 361 57 tambour-major.
1442 287 80 57 L.

120 322 165 74 aut.
223 322 185 74 sig.,
347 322 123 74 au
408 322 226 74 général
573 322 185 74 Eblé,
696 322 103 74 à
737 322 226 74 Anvers.
902 322 226 74 Bruges,
1067 322 123 74 22
1128 322 247 74 frimaire
1313 322 123 74 an
1375 322 165 74 III.
1457 322 62 74 1

93 372 324 75 gr.
278 372 277 75 p.
416 372 324 75 pl.
601 372 277 75 et
740 372 416 75 demie
1017 372 416 75 in-4.
1295 372 231 75 3
1341 372 185 75 50

166 425 219 63 Lettre
319 425 131 63 de
385 425 197 63 bonne
516 425 350 63 camaraderie,
801 425 175 63 mais
910 425 131 63 un
976 425 219 63 peu...
1107 425 263 63 bouffonne.

73 464 161 74 950.
173 464 362 74 Mignet,
475 464 281 74 historien,
696 464 201 74 membre
836 464 121 74 de
896 464 301 74 l’Institut.
1137 464 121 74 L.
1198 464 161 74 aut.
1298 464 181 74 sig.,
1419 464 100 74 à
1439 464 80 74 M.

124 517 244 61 Bourdon.
306 517 203 61 Paris,
448 517 101 61 5
489 517 183 61 sept.
611 517 183 61 1840.
733 517 101 61 2
773 517 122 61 p.
834 517 183 61 in-8.
956 517 244 61 Vignette
1138 517 122 61 de
1199 517 304 61 l’Institut.
1443 517 101 61 2
1463 517 61 61 »

71 554 168 73 951.
176 554 316 73 Molé
429 554 421 73 (François-Réné),
786 554 210 73 acteur
934 554 126 73 du
997 554 442 73 Théâtre-Français,
1355 554 168 73 membre

121 614 125 55 de
184 614 314 55 l’Institut.
435 614 125 55 L.
497 614 167 55 aut.
602 614 188 55 sig.,
727 614 105 55 à
769 614 125 55 M.
832 614 146 55 ...
916 614 209 55 Paris,
1062 614 125 55 30
1125 614 146 55 mai
1208 614 188 55 1785.
1334 614 105 55 4
1376 614 125 55 p.
1417 614 105 55 pl.

94 659 444 61 in-4.
390 659 691 61 Très-belle
933 659 494 61 lettre
1278 659 296 61 12
1377 659 148 61 »

77 703 159 73 952.
176 703 318 73 Monod
434 703 139 73 (le
514 703 258 73 pasteur),
712 703 258 73 président
911 703 119 73 du
970 703 298 73 consistoire
1208 703 119 73 de
1268 703 238 73 l’Eglise
1427 703 99 73 ré

124 746 219 92 formée
278 746 132 92 de
343 746 219 92 Paris.
497 746 132 92 L.
562 746 175 92 aut.
672 746 197 92 sig.,
804 746 110 92 à
847 746 219 92 madame
1001 746 132 92 de
1067 746 175 92 Céré
1176 746 219 92 Barbé.
1330 746 219 92 Paris,
1461 746 66 92 7

103 811 462 66 février
439 811 378 66 1817.
691 811 210 66 2
775 811 252 66 p.
901 811 294 66 pl.
1069 811 378 66 in-4.
1321 811 210 66 2
1363 811 168 66 50

75 860 176 67 953.
185 860 506 67 Montalembert
625 860 154 67 (le
713 860 198 67 comte
845 860 176 67 de),
955 860 176 67 pair
1065 860 132 67 de
1131 860 242 67 France,
1307 860 220 67 membre
1439 860 88 67 de

124 904 289 74 l’Académie
352 904 289 74 française.
579 904 124 74 L.
641 904 165 74 aut.
744 904 186 74 sig.,
868 904 103 74 à
909 904 124 74 M.
971 904 145 74 ...
1054 904 124 74 20
1116 904 227 74 juillet
1281 904 186 74 1836.
1384 904 145 74 Inté-

48 940 1285 71 ressante.
1037 940 494 71 3
1136 940 395 71 50

78 987 159 96 954.
178 987 437 96 Montgolfier
555 987 278 96 (Étienne),
774 987 258 96 inventeur
973 987 139 96 des
1052 987 278 96 aérostats.
1271 987 119 96 L.
1330 987 159 96 aut,
1410 987 119 96 sig.

117 1044 189 61 de
211 1044 220 61 ses
337 1044 440 61 initiales.
682 1044 251 61 Sans
839 1044 283 61 date.
1028 1044 157 61 2
1091 1044 189 61 p.
1185 1044 283 61 in-8.
1374 1044 157 61 7
1405 1044 126 61 50

80 1074 168 103 955.
185 1074 420 103 Montrésor
542 1074 231 103 (Claude
710 1074 126 103 de
773 1074 336 103 Bourdeilles,
1046 1074 189 103 comte
1172 1074 168 103 de),
1277 1074 189 103 petit
1382 1074 147 103 neveu

125 1152 132 56 de
191 1152 220 56 Pierre
345 1152 132 56 de
410 1152 351 56 Bourdeilles,
696 1152 132 56 et
762 1152 198 56 comme
893 1152 154 56 lui
981 1152 176 56 abbé
1091 1152 132 56 de
1157 1152 285 56 Brantôme,
1354 1152 176 56 auteur

128 1184 114 51 de
185 1184 379 51 Mémoires
507 1184 114 51 N.
564 1184 171 51 1608.
678 1184 114 51 M.
735 1184 171 51 1663.
849 1184 114 51 L.
906 1184 152 51 aut.
1001 1184 171 51 sig.,
1115 1184 95 51 à
1153 1184 114 51 M.
1209 1184 114 51 le
1266 1184 171 51 comte
1380 1184 114 51 de
1418 1184 114 51 Cha-

127 1236 213 81 vigny.
276 1236 213 81 Paris,
425 1236 106 81 5
467 1236 170 81 juin
574 1236 191 81 1649.
701 1236 106 81 2
744 1236 149 81 gr.
829 1236 128 81 p.
893 1236 191 81 in-4.
1020 1236 234 81 Cachets
1191 1236 128 81 et
1254 1236 213 81 soies.
1382 1236 149 81 Belle

42 1288 1170 65 lettre.
893 1288 638 65 20
1105 1288 426 65 ».

176 1336 379 52 Protestations
487 1336 134 52 de
554 1336 379 52 dévouement...
866 1336 134 52 La
933 1336 178 52 cour
1044 1336 223 52 devait
1200 1336 223 52 partir
1356 1336 178 52 hier
1445 1336 89 52 de

129 1375 312 60 Compiègne.
374 1375 134 60 M.
441 1375 134 60 le
508 1375 223 60 prince
664 1375 134 60 de
731 1375 201 60 Condé
864 1375 156 60 est
953 1375 223 60 arrivé
1109 1375 111 60 à
1154 1375 201 60 Paris
1288 1375 178 60 pour
1377 1375 156 60 aller

130 1419 173 73 dans
238 1419 173 73 deux
346 1419 194 73 jours
476 1419 130 73 en
541 1419 303 73 Bourgogne.
779 1419 281 73 «Quelques
995 1419 216 73 bruits
1146 1419 238 73 courent
1319 1419 194 73 qu’il
1449 1419 108 73 y
1470 1419 65 73 a

130 1471 259 64 «quelque
325 1471 302 64 altération
562 1471 173 64 dans
670 1471 151 64 son
756 1471 216 64 esprit
907 1471 216 64 contre
1058 1471 129 64 M.
1123 1471 129 64 le
1188 1471 129 64 C.
1252 1471 151 64 (le
1317 1471 216 64 cardinal

131 1518 293 78 «Mazarin).
362 1518 126 78 Je
424 1518 189 78 crois
550 1518 147 78 que
634 1518 147 78 sur
718 1518 126 78 ce
781 1518 231 78 subiect
948 1518 168 78 l’on
1053 1518 168 78 doit
1158 1518 272 78 suspendre
1367 1518 147 78 son
1430 1518 105 78 ju

102 1568 340 64 «ment.....»

81 1598 166 71 956.
185 1598 353 71 Moreau
475 1598 373 71 (Jean-Victor),
786 1598 228 71 général
952 1598 124 71 en
1015 1598 166 71 chef
1118 1598 124 71 de
1180 1598 228 71 l’armée
1346 1598 124 71 du
1388 1598 145 71 Nord.

135 1669 111 56 Né
190 1669 92 56 à
227 1669 332 56 Morlaix
503 1669 295 56 (Finistère).
743 1669 277 56 Attestation
964 1669 148 56 aut.
1057 1669 148 56 sig.
1149 1669 111 56 en
1204 1669 184 56 faveur
1333 1669 148 56 d’un
1407 1669 129 56 mili-

134 1714 183 80 taire
256 1714 142 80 qui
337 1714 102 80 a
377 1714 183 80 servi
499 1714 162 80 sous
601 1714 142 80 ses
682 1714 203 80 ordres
824 1714 102 80 à
865 1714 223 80 l’armée
1027 1714 122 80 du
1088 1714 183 80 Nord.
1210 1714 203 80 Paris,
1352 1714 122 80 25
1393 1714 142 80 prai-

102 1758 410 60 rial
358 1758 307 60 an
512 1758 359 60 VI.
716 1758 256 60 1
819 1758 307 60 p.
973 1758 461 60 in-4.
1280 1758 256 60 2
1331 1758 205 60 50

85 1793 151 92 957.
179 1793 321 92 Muller
443 1793 170 92 (Jean
557 1793 151 92 de),
651 1793 264 92 historien.
858 1793 113 92 L.
915 1793 151 92 aut.
1009 1793 151 92 sig.
1103 1793 132 92 (en
1179 1793 264 92 allemand).
1367 1793 170 92 Berlin,

117 1858 208 53 20
221 1858 277 53 juin
395 1858 312 53 1807.
602 1858 173 53 1
672 1858 208 53 p.
776 1858 277 53 in-8
949 1858 208 53 en
1053 1858 416 53 travers.
1365 1858 173 53 4
1399 1858 139 53 50

82 1884 177 74 958.
192 1884 398 74 Nemours
524 1884 221 74 (Marie
678 1884 309 74 d’Orléans,
921 1884 265 74 duchesse
1120 1884 177 74 de),
1231 1884 309 74 souveraine
1452 1884 88 74 de

133 1945 303 66 Neufchatel
371 1945 130 66 et
436 1945 281 66 Valengin,
652 1945 130 66 en
717 1945 238 66 Suisse,
890 1945 281 66 princesse
1107 1945 281 66 d’Orange,
1323 1945 216 66 auteur
1453 1945 87 66 de

134 1997 380 58 Mémoires
457 1997 152 58 Acte
552 1997 228 58 notarié,
723 1997 266 58 enregistré
932 1997 114 58 et
989 1997 171 58 signé
1103 1997 133 58 par
1179 1997 133 58 les
1255 1997 209 58 témoins
1407 1997 114 58 et
1445 1997 95 58 les

133 2055 289 62 notaires,
355 2055 133 62 au
421 2055 244 62 château
599 2055 133 62 de
665 2055 355 62 Coulommiers,
954 2055 133 62 le
1021 2055 133 62 30
1087 2055 178 62 août
1198 2055 200 62 1702.
1331 2055 111 62 4
1376 2055 155 62 gr.
1442 2055 89 62 p.

68 2089 606 74 pl.
415 2089 952 74 in-fol.
1107 2089 519 74 20
1280 2089 260 74 »

182 2144 191 56 Pièce
309 2144 297 56 historique
543 2144 170 56 d’un
649 2144 297 56 très-grand
883 2144 255 56 intérêt.
1074 2144 170 56 Elle
1180 2144 234 56 demeure
1329 2144 212 56 ordinai-

135 2181 207 62 rement
280 2181 103 62 à
321 2181 207 62 Paris,
466 2181 124 62 en
528 2181 145 62 son
611 2181 207 62 hôtel,
755 2181 145 62 rue
838 2181 145 62 des
921 2181 289 62 Deux-Ecus.
1148 2181 165 62 Elle
1252 2181 145 62 est
1334 2181 103 62 à
1355 2181 186 62 présent

133 2238 136 58 au
201 2238 250 58 château
383 2238 136 58 de
451 2238 340 58 Coulommiers
723 2238 159 58 par
814 2238 227 58 lettre
973 2238 136 58 de
1041 2238 227 58 cachet
1200 2238 136 58 du
1268 2238 159 58 six
1336 2238 204 58 janvier

138 2291 186 52 4700,
262 2291 165 52 elle
365 2291 103 52 a
407 2291 144 52 dit
489 2291 124 52 et
551 2291 227 52 déclaré
716 2291 248 52 qu’après
902 2291 124 52 le
964 2291 186 52 décès
1088 2291 124 52 de
1129 2291 413 52 Jean

132 2331 318 57 d’Orléans,
382 2331 159 57 duc
473 2331 136 57 de
541 2331 363 57 Longueville,
836 2331 159 57 son
927 2331 227 57 frère,
1086 2331 182 57 dont
1199 2331 182 57 elle
1313 2331 159 57 est
1381 2331 159 57 seule

138 2384 281 59 héritière,
359 2384 160 59 elle
459 2384 120 59 a,
519 2384 140 59 par
599 2384 120 59 un
659 2384 160 59 acte
760 2384 201 59 public
900 2384 120 59 du
960 2384 261 59 trente-un
1161 2384 221 59 janvier
1321 2384 181 59 1695,
1422 2384 120 59 pris

134 2438 308 58 possession
376 2438 132 58 de
442 2438 132 58 la
508 2438 330 58 principauté
772 2438 286 58 d’Orange.
991 2438 154 58 qui
1079 2438 154 58 est
1167 2438 132 58 un
1233 2438 220 58 ancien
1365 2438 176 58 patri-

134 2475 205 59 moine
271 2475 137 59 de
339 2475 137 59 sa
407 2475 228 59 maison
567 2475 228 59 détenu
726 2475 341 59 injustement
999 2475 159 59 par
1090 2475 205 59 celle
1226 2475 137 59 de
1295 2475 250 59 Nassau,
1454 2475 91 59 et

136 2531 197 63 alors
268 2531 241 63 possédé
443 2531 153 63 par
531 2531 285 63 Guillaume
750 2531 132 63 de
816 2531 241 63 Nassau,
991 2531 219 63 depuis
1144 2531 153 63 roi
1210 2531 329 63 d’Angleterre.

168 2571 111 58 «
212 2571 244 58 Suivent
390 2571 133 58 de
456 2571 200 58 longs
590 2571 133 58 et
656 2571 244 58 curieux
834 2571 244 58 détails
1011 2571 155 58 sur
1100 2571 155 58 les
1189 2571 200 58 actes
1300 2571 244 58 conserva-

137 2623 213 68 toires
286 2623 234 68 qu’elle
456 2623 107 68 a
499 2623 170 68 fait
605 2623 277 68 signifier
819 2623 128 68 et
882 2623 149 68 les
968 2623 341 68 empêchements
1245 2623 149 68 qui
1330 2623 107 68 y
1373 2623 149 68 ont
1436 2623 107 68 été

138 2674 272 60 apportés,
326 2674 126 60 etc.

94 2708 140 89 959.
181 2708 262 89 Netz
390 2708 210 89 (Nicolas
548 2708 140 89 de),
635 2708 175 89 évêque
757 2708 367 89 d'Orléans
1071 2708 105 89 1°
1124 2708 175 89 Quitt.
1246 2708 140 89 (sur
1333 2708 210 89 parch.),
1473 2708 70 89 de
