1568 2835
604 13 165 90 —
670 13 231 90 77.
769 13 99 90 —

59 89 128 103 la
123 89 192 103 somme
250 89 128 103 de
314 89 149 103 250
399 89 298 103 livres....
634 89 128 103 27
697 89 256 103 décembre
889 89 192 103 1633.
1017 89 106 103 —
1059 89 128 103 2°
1123 89 128 103 Sa
1187 89 277 103 signature
1379 89 85 103 au

58 174 152 57 bas
145 174 195 57 d’une
275 174 195 57 pièce
405 174 173 57 sig.
513 174 152 57 par
600 174 238 57 Antoine
774 174 217 57 Vitré,
925 174 282 57 imprimeur
1142 174 130 57 du
1207 174 173 57 roi.
1294 174 173 57 Paris,

37 221 216 69 8
123 221 475 69 janvier
469 221 389 69 1638.
728 221 216 69 1
815 221 259 69 p.
944 221 475 69 in-fol.
1290 221 216 69 3
1333 221 130 69 »

15 259 154 74 960.
111 259 347 74 Norvins
400 259 135 74 (J.
477 259 154 74 de),
574 259 251 74 historien
766 259 116 74 de
824 259 251 74 Napoléon.
1017 259 116 74 L.
1075 259 154 74 aut.
1171 259 173 74 sig.,
1287 259 96 74 à
1325 259 116 74 M.
1364 259 96 74 ...

57 310 261 67 Paris,
240 310 157 67 10
318 310 235 67 sept.
474 310 235 67 1829.
631 310 130 67 1
683 310 183 67 gr.
788 310 157 67 p.
866 310 183 67 pl.
970 310 157 67 et
1048 310 235 67 demie
1205 310 235 67 in-4.
1362 310 130 67 3
1388 310 78 67 »

107 355 132 70 Au
173 355 198 70 sujet
305 355 132 70 de
371 355 132 70 la
437 355 330 70 publication
701 355 132 70 de
767 355 154 70 ses
854 355 220 70 œuvres
1008 355 308 70 complètes,
1250 355 176 70 dans
1338 355 132 70 les-

43 410 250 56 «quelles
230 410 166 56 doit
334 410 208 56 entrer
480 410 146 56 son
563 410 250 56 histoire
751 410 125 56 de
792 410 229 56 Napoléon.

16 445 159 66 961.
116 445 338 66 Onslow
394 445 279 66 (Georges),
613 445 219 66 célèbre
772 445 318 66 compositeur,
1031 445 199 66 membre
1170 445 119 66 de
1210 445 259 66 l’Institut.

63 513 136 59 L.
131 513 182 59 aut.
245 513 204 59 sig.,
381 513 136 59 au
449 513 204 59 baron
586 513 136 59 de
654 513 272 59 Trémont.
858 513 295 59 Clermont,
1085 513 136 59 30
1153 513 204 59 janv.
1289 513 204 59 1835.
1403 513 68 59 4

10 557 539 68 gr.
318 557 462 68 p.
549 557 693 68 in-4.
1087 557 385 68 7
1164 557 308 68 50

111 603 216 54 Reicha
263 603 130 54 se
327 603 302 54 présentant
565 603 194 54 comme
695 603 259 54 candidat
889 603 108 54 à
932 603 324 54 l’Institut,
1191 603 130 54 un
1234 603 238 54 sentiment

65 649 126 56 de
128 649 295 56 convenance
360 649 126 56 et
423 649 126 56 de
486 649 274 56 gratitude
696 649 253 56 s’oppose
886 649 105 56 à
928 649 126 56 ce
991 649 189 56 qu’il
1117 649 189 56 fasse
1244 649 210 56 valoir
1370 649 105 56 ses

64 699 238 65 faibles
238 699 238 65 droits.
411 699 152 65 «Si
498 699 195 65 notre
628 699 152 65 ami
714 699 173 65 veut
823 699 173 65 bien
931 699 217 65 verser
1083 699 152 65 sur
1170 699 152 65 mon
1256 699 217 65 maître
1386 699 87 65 la

67 744 373 51 «bienveillance
378 744 186 51 qu’il
502 744 124 51 me
564 744 290 51 destinait,
792 744 124 51 je
855 744 145 51 lui
937 744 124 51 en
1000 744 207 51 saurai
1145 744 124 51 un
1207 744 145 51 gré
1269 744 207 51 particu-

66 793 235 62 «lier.
230 793 211 62 Voilà
371 793 188 62 bien
488 793 305 62 longtemps
723 793 164 62 que
817 793 141 62 je
887 793 141 62 ne
958 793 141 62 me
1028 793 188 62 suis
1145 793 235 62 occupé
1310 793 141 62 de
1357 793 117 62 mu-

67 843 242 57 «sique;
243 843 176 57 j’en
353 843 176 57 suis
464 843 132 57 un
530 843 154 57 peu
618 843 242 57 dégoûté
794 843 154 57 par
882 843 132 57 le
948 843 286 57 fanatisme
1169 843 154 57 qui
1235 843 242 57 s’accroit

71 893 226 58 «comme
230 893 158 58 une
320 893 204 58 tache
456 893 249 58 d’huile
637 893 181 58 pour
751 893 158 58 des
841 893 340 58 productions
1113 893 158 58 que
1203 893 136 58 je
1249 893 226 58 regarde-

68 934 110 60 »
112 934 154 60 rai
200 934 264 60 toujours
398 934 198 60 comme
530 934 396 60 très-mauvaises
861 934 220 60 qu’une
1015 934 198 60 secte
1147 934 286 60 opiniâtre
1345 934 132 60 veut

71 981 107 53 »
113 981 107 53 à
156 981 192 53 toute
284 981 192 53 force
412 981 128 53 me
476 981 192 53 faire
603 981 277 53 admirer.»
816 981 128 53 Il
880 981 192 53 vient
1008 981 128 53 de
1072 981 256 53 recevoir
1264 981 128 53 de
1307 981 170 53 Vienne

73 1033 145 65 une
156 1033 207 65 lettre
301 1033 145 65 par
383 1033 248 65 laquelle
569 1033 124 65 on
631 1033 269 65 l’informe
838 1033 186 65 qu’il
962 1033 103 65 y
1004 1033 207 65 existe
1148 1033 145 65 une
1231 1033 227 65 coterie
1376 1033 103 65 qui

71 1077 252 56 condamne
260 1077 126 56 au
323 1077 147 56 feu
407 1077 168 56 tout
513 1077 126 56 ce
576 1077 147 56 qui
660 1077 189 56 n’est
786 1077 147 56 pas
870 1077 189 56 écrit
996 1077 168 56 dans
1101 1077 126 56 le
1165 1077 189 56 style
1291 1077 147 56 des
1354 1077 126 56 der-

70 1118 186 71 niers
195 1118 228 71 quators
360 1118 124 71 de
422 1118 290 71 Becthoyen,
650 1118 145 71 «Je
733 1118 145 71 les
816 1118 124 71 ai
878 1118 248 71 étudiés,
1064 1118 145 71 ces
1147 1118 248 71 quatuors
1333 1118 145 71 sur
1395 1118 83 71 la

73 1173 315 62 «partition,
325 1173 126 62 je
388 1173 147 62 les
472 1173 126 62 ai
535 1173 231 62 entendu
703 1173 252 62 exécuter
893 1173 189 62 aussi
1019 1173 336 62 parfaitement
1292 1173 147 62 que
1355 1173 126 62 pos-

76 1208 227 65 «sible,
242 1208 124 65 et
304 1208 124 65 je
366 1208 248 65 persiste
552 1208 103 65 à
593 1208 165 65 dire
696 1208 207 65 qu’ils
841 1208 165 65 sont
945 1208 331 65 détestables.
1213 1208 248 65 Harmonie
1379 1208 103 65 vi-

73 1259 260 78 «cieuse,
269 1259 239 78 mélodie
442 1259 217 78 nulle,
594 1259 174 78 tels
703 1259 174 78 sont
811 1259 152 78 les
898 1259 260 78 éléments
1093 1259 174 78 dans
1202 1259 152 78 les
1267 1259 217 78 dix

47 1318 423 60 «vingtièmes...»

28 1333 162 83 962.
129 1333 364 83 Péligot
432 1333 263 83 (Eugène),
634 1333 263 83 chimiste,
836 1333 283 83 professeur
1058 1333 121 83 au
1118 1333 343 83 Conservatoire
1381 1333 101 83 des

77 1416 163 69 arts
178 1416 122 69 et
239 1416 244 69 métiers.
422 1416 122 69 L.
483 1416 163 69 aut.
585 1416 183 69 sig.,
707 1416 102 69 à
748 1416 122 69 M.
809 1416 203 69 Mayer.
951 1416 203 69 Paris,
1094 1416 122 69 12
1155 1416 163 69 juin
1256 1416 183 69 1845.
1378 1416 102 69 2
1399 1416 81 69 p.

49 1457 307 57 et
202 1457 461 57 demie
510 1457 461 57 in-8.
817 1457 563 57 Cachet.
1227 1457 256 57 2
1278 1457 205 57 50

30 1507 159 68 963.
130 1507 378 68 Peterson
448 1507 239 68 (Henri),
627 1507 219 68 pasteur
786 1507 299 68 protestant,
1025 1507 279 68 professeur
1244 1507 119 68 de
1284 1507 199 68 physique

79 1556 106 61 à
121 1556 319 61 Strasbourg.
376 1556 127 61 L.
440 1556 170 61 aut.
546 1556 191 61 sig.,
674 1556 106 61 à
716 1556 127 61 M.
780 1556 276 61 Dumolier.
992 1556 319 61 Strasbourg,
1247 1556 127 61 13
1290 1556 191 61 floréal

41 1605 361 49 an
221 1605 541 49 XIII.
582 1605 301 49 2
702 1605 361 49 p.
883 1605 541 49 in-8.
1243 1605 301 49 2
1304 1605 180 49 »

32 1645 147 72 964.
123 1645 239 72 Pisani
307 1645 110 72 de
362 1645 110 72 la
417 1645 239 72 Gaude
601 1645 386 72 (Charles-François
932 1645 184 72 Just),
1060 1645 184 72 évêque
1171 1645 312 72 deVence

81 1697 149 75 puis
175 1697 112 75 de
231 1697 317 75 Namur
492 1697 112 75 Né
548 1697 93 75 à
586 1697 261 75 Aix
791 1697 430 75 (Bouches-du-Rhône).
1165 1697 112 75 L.
1221 1697 149 75 aut.
1314 1697 168 75 sig.,
1407 1697 75 75 au

79 1736 273 72 ministre
284 1736 159 72 des
375 1736 250 72 cultes.
556 1736 227 72 Namur,
715 1736 136 72 11
784 1736 250 72 octobre
965 1736 204 72 1806.
1102 1736 114 72 1
1147 1736 136 72 p.
1215 1736 204 72 in-4.
1352 1736 136 72 /2
1397 1736 91 72 50

37 1781 152 70 965.
132 1781 419 70 Pixerécourt
494 1781 248 70 (Guilbert
685 1781 152 70 de),
780 1781 191 70 auteur
913 1781 286 70 dramatique.
1142 1781 114 70 Né
1199 1781 95 70 à
1218 1781 267 70 Pixe

84 1835 332 65 récourt
360 1835 258 65 (Meurthe).
563 1835 111 65 L.
618 1835 147 65 aut.
710 1835 166 65 sig.,
821 1835 92 65 à
857 1835 111 65 M.
913 1835 184 65 Barba.
1042 1835 184 65 Paris,
1171 1835 111 65 15
1226 1835 203 65 janvier
1355 1835 129 65 1822,

26 1890 384 59 3
180 1890 461 59 p.
410 1890 538 59 pl.
718 1890 692 59 in-8.
1179 1890 384 59 3
1256 1890 231 59 »

129 1915 128 81 Au
193 1915 192 81 sujet
321 1915 128 81 de
385 1915 128 81 la
449 1915 320 81 publication
705 1915 128 81 de
769 1915 150 81 ses
855 1915 214 81 œuvres
983 1915 299 81 dramatiques.

35 1959 168 76 966.
140 1959 378 76 Planard
455 1959 588 76 (François-Antoine-Eugène
980 1959 168 76 de),
1085 1959 210 76 auteur
1211 1959 273 76 dramatique.

85 2030 115 60 Né
142 2030 96 60 à
181 2030 346 60 Milhaud
469 2030 211 60 (Gard).
623 2030 115 60 L.
680 2030 154 60 aut.
776 2030 173 60 sig.,
892 2030 96 60 à
930 2030 115 60 M.
988 2030 192 60 Bezou,
1122 2030 250 60 libraire.
1314 2030 192 60 Paris,
1429 2030 58 60 3

56 2080 358 59 juin
280 2080 403 59 1845.
548 2080 224 59 2
638 2080 313 59 gr.
817 2080 268 59 p.
951 2080 492 59 in-fol.
1309 2080 224 59 6
1354 2080 134 59 »

134 2116 113 77 Au
191 2116 170 77 sujet
304 2116 113 77 de
360 2116 113 77 la
417 2116 283 77 publication
643 2116 113 77 de
700 2116 132 77 ses
775 2116 189 77 opéras
907 2116 226 77 comiques
1077 2116 151 77 dans
1171 2116 113 77 la
1209 2116 283 77 France

76 2157 282 80 dramatique

40 2200 153 96 967.
135 2200 343 96 Portail
422 2200 267 96 (Antoine),
631 2200 134 96 1er
708 2200 267 96 chirurgien
918 2200 114 96 de
975 2200 172 96 Henri
1089 2200 134 96 IV.
1166 2200 191 96 Quitt.
1299 2200 153 96 sig.
1376 2200 114 96 (sur

54 2270 639 67 parch.).
533 2270 266 67 7
639 2270 426 67 août
905 2270 479 67 1604.
1225 2270 266 67 2
1278 2270 213 67 50

40 2311 161 71 968.
140 2311 362 71 Pourret
442 2311 261 71 (l’abbé),
643 2311 282 71 botaniste.
865 2311 121 71 L.
925 2311 161 71 aut.
1025 2311 181 71 sig.,
1146 2311 101 71 à
1186 2311 121 71 M.
1227 2311 261 71 l’Héritier.

86 2358 268 67 Narbonne,
293 2358 144 67 1er
375 2358 227 67 juillet
540 2358 186 67 1783.
664 2358 103 67 2
705 2358 144 67 gr.
787 2358 124 67 p.
849 2358 144 67 pl.
931 2358 124 67 et
993 2358 186 67 demie
1117 2358 186 67 in-4.
1241 2358 227 67 Cachet.
1406 2358 103 67 3
1426 2358 62 67 »

40 2400 159 63 969.
139 2400 377 63 Pradier
457 2400 278 63 statuaire.
676 2400 119 63 L.
735 2400 159 63 aut.
835 2400 179 63 sig.,
954 2400 99 63 à
993 2400 119 63 M.
1053 2400 199 63 Soyer.
1192 2400 199 63 Jeudi,
1331 2400 119 63 25
1371 2400 119 63 sep-

72 2463 417 55 tembre
364 2463 375 55 1841.
614 2463 542 55 Demi-page
1031 2463 375 55 in-8.
1282 2463 208 55 1
1323 2463 167 55 50

45 2494 152 75 970.
140 2494 304 75 Pulci
387 2494 228 75 (Luigi),
558 2494 266 75 chancelier
767 2494 114 75 de
825 2494 228 75 Florence
996 2494 114 75 et
1053 2494 171 75 poète
1167 2494 228 75 célèbre.
1338 2494 114 75 L.
1376 2494 114 75 aut,

90 2557 172 58 sig.
198 2557 151 58 (en
284 2557 280 58 italien).
500 2557 194 58 1466.
629 2557 108 58 1
672 2557 129 58 p.
736 2557 151 58 pl.
823 2557 194 58 in-4,
952 2557 129 58 en
1016 2557 258 58 travers.
1210 2557 237 58 Cachet.
1382 2557 129 58 40
1425 2557 65 58 »

45 2595 170 76 971.
151 2595 277 76 Rabaut
364 2595 468 76 Saint-Etienne,
768 2595 255 76 ministre
960 2595 319 76 protestant,
1194 2595 298 76 constituant,

92 2659 393 61 conventionnel.
420 2659 131 61 L.
486 2659 175 61 aut.
595 2659 197 61 sig.,
726 2659 109 61 à
770 2659 131 61 M.
835 2659 262 61 Fréteau,
1032 2659 219 61 député
1185 2659 109 61 à
1207 2659 284 61 l’Assemblée

93 2698 311 66 nationale,
337 2698 133 66 23
404 2698 244 66 août...
581 2698 111 66 2
626 2698 155 66 gr.
715 2698 133 66 p.
781 2698 200 66 in-4.
915 2698 244 66 Cachet.
1092 2698 378 66 Intéressante.
1403 2698 111 66 5
1425 2698 67 66 »
