1568 2847
457 12 538 168 CATALOGUE

35 189 233 85 DE
152 189 428 85 LETTRES
463 189 623 85 AUTOGRAPHES,
930 189 506 85 MANUSCRITS,

413 296 335 77 DOCUMENTS
685 296 335 77 HISTORIQUES,
936 296 147 77 ETC.

234 385 303 160 DE
385 385 303 160 A.
486 385 756 160 LAVERDET

332 546 181 99 A
445 546 226 99 Paris,
603 546 158 99 rue
694 546 384 99 Saint-Lazare,
987 546 181 99 24

533 728 208 75 Vente
689 728 87 75 à
706 728 277 75 l’amiable,

313 779 181 73 solt
434 779 141 73 par
514 779 302 73 l’insertion
756 779 161 73 dans
857 779 121 73 le
897 779 302 73 bulletin,

134 838 168 80 soit
239 838 147 80 aux
323 838 252 80 enchères
513 838 294 80 publiques,
744 838 126 80 de
807 838 316 80 Collections
1059 838 126 80 ou
1102 838 273 80 parties

314 882 174 54 de
430 882 290 54 Collections
662 882 116 54 de
720 882 213 54 Lettres
855 882 348 54 autographes,

465 932 314 71 Documents
701 932 353 71 historiques,

508 974 325 66 Manuscrits,
768 974 195 66 etc.,
876 974 130 66 etc.

79 1011 280 96 Achats.
299 1011 100 96 —
339 1011 260 96 Échanges.
540 1011 100 96 —
580 1011 300 96 Expertises.
820 1011 100 96 —
860 1011 260 96 Rédaction
1060 1011 120 96 de
1100 1011 341 96 Catalogues.

409 1161 224 113 N°
558 1161 149 113 6.
633 1161 124 113 —
683 1161 273 113 JANVIER
856 1161 249 113 1857

38 1346 147 86 782.
130 1346 313 86 Abelly
388 1346 221 86 (Louis),
553 1346 184 86 évêque
682 1346 111 86 de
738 1346 203 86 Rhodez,
885 1346 184 86 auteur
1014 1346 111 86 de
1069 1346 111 86 la
1125 1346 184 86 Vie
1254 1346 111 86 de
1290 1346 203 86 saint

91 1418 255 52 Vincent
291 1418 109 52 de
345 1418 236 52 Paul
527 1418 182 52 Quitt.
655 1418 145 52 sig.
745 1418 145 52 (sur
836 1418 218 52 parch.),
1000 1418 182 52 Paris,
1127 1418 91 52 5
1164 1418 200 52 janvier
1309 1418 164 52 1665.
1418 1418 91 52 2
1436 1418 55 52 »

37 1461 163 58 783.
139 1461 367 58 Adelon,
445 1461 245 58 médecin.
629 1461 122 58 L.
690 1461 163 58 aut.
792 1461 184 58 sig.,
914 1461 122 58 au
976 1461 204 58 préfet
1119 1461 122 58 de
1159 1461 327 58 Seine

65 1510 376 68 Paris,
328 1510 225 68 14
441 1510 338 68 avril
667 1510 338 68 1834.
892 1510 188 68 2
967 1510 225 68 p.
1080 1510 338 68 in-4.
1305 1510 188 68 2
1343 1510 150 68 25

38 1550 159 69 784.
138 1550 319 69 Affre
397 1550 239 69 (Denis),
576 1550 279 69 archevêque
795 1550 120 69 de
855 1550 199 69 Paris,
994 1550 139 69 tué
1074 1550 159 69 dans
1173 1550 139 69 les
1253 1550 239 69 journées
1412 1550 80 69 de

81 1608 169 57 juin
186 1608 190 57 1848.
313 1608 127 57 L.
376 1608 169 57 aut.
482 1608 190 57 sig.,
608 1608 105 57 à
650 1608 169 57 M...
756 1608 211 57 Paris,
903 1608 127 57 29
967 1608 148 57 mai
1051 1608 190 57 1841.
1178 1608 105 57 1
1220 1608 127 57 p.
1283 1608 190 57 in-8.
1410 1608 105 57 4
1431 1608 63 57 »

40 1653 155 62 785.
137 1653 388 62 Aiguillon
467 1653 136 62 (le
544 1653 136 62 duc
622 1653 155 62 d’),
719 1653 272 62 gouverneur
932 1653 116 62 de
990 1653 116 62 la
1049 1653 252 62 Bretagne,
1243 1653 233 62 Ministre
1398 1653 97 62 des

85 1713 273 62 affaires
290 1713 341 62 étrangères.
563 1713 136 62 L.
631 1713 182 62 aut.
745 1713 205 62 sig.,
881 1713 136 62 au
949 1713 159 62 duc
1040 1713 136 62 de
1108 1713 227 62 Parme,
1268 1713 227 62 gendre
1404 1713 91 62 de

84 1750 227 66 Louis
235 1750 176 66 XV.
336 1750 378 66 Versailles,
638 1750 151 66 15
714 1750 302 66 décembre
941 1750 227 66 1755.
1092 1750 126 66 4
1142 1750 151 66 p.
1218 1750 227 66 in-4.
1369 1750 126 66 7
1394 1750 101 66 50

137 1781 122 67 Le
198 1781 142 67 roi
279 1781 122 67 et
339 1781 142 67 ses
421 1781 264 67 ministres
623 1781 142 67 les
704 1781 162 67 plus
806 1781 122 67 en
867 1781 203 67 faveur
1008 1781 203 67 auprès
1150 1781 122 67 de
1211 1781 162 67 lui,
1313 1781 162 67 sont
1394 1781 101 67 no-

90 1844 241 62 tamment
266 1844 241 62 décidés
441 1844 110 62 à
485 1844 198 62 faire
617 1844 132 62 la
683 1844 220 62 guerre
836 1844 154 62 par
924 1844 154 62 mer
1012 1844 329 62 uniquement,
1275 1844 132 62 en
1319 1844 176 62 consé-

91 1895 238 64 quence,
264 1895 130 64 on
329 1895 194 64 porte
459 1895 216 64 toutes
610 1895 151 64 les
696 1895 173 64 vues
805 1895 151 64 sur
891 1895 130 64 la
956 1895 216 64 marine
1107 1895 194 64 qu’on
1237 1895 281 64 travaille
1431 1895 65 64 à

89 1943 305 53 augmenter
323 1943 493 53 considérablement.
746 1943 211 53 «Nous
887 1943 258 53 n’avons
1075 1943 305 53 d’ennemis
1310 1943 164 53 que
1381 1943 117 53 les

94 1993 277 61 «Anglais,
306 1993 149 61 ils
392 1993 234 61 veulent
562 1993 234 61 envahir
732 1993 191 61 notre
860 1993 255 61 commerce
1051 1993 128 61 et
1115 1993 149 61 nos
1200 1993 277 61 colonies,
1392 1993 106 61 ils

92 2036 289 65 «soulèvent
320 2036 145 65 par
402 2036 186 65 leurs
526 2036 269 65 intrigues
733 2036 124 65 et
795 2036 165 65 leur
899 2036 207 65 argent
1043 2036 207 65 toutes
1188 2036 145 65 les
1250 2036 248 65 puissances

91 2084 238 53 «contre
264 2084 195 53 nous,
394 2084 151 53 ils
481 2084 238 53 abusent
654 2084 130 53 de
719 2084 130 53 la
783 2084 324 53 supériorité
1043 2084 151 53 que
1129 2084 173 53 nous
1238 2084 195 53 leurs
1346 2084 151 53 avons

94 2135 227 62 «laissé
259 2135 227 62 prendre
425 2135 144 62 sur
507 2135 144 62 mer
590 2135 165 62 pour
693 2135 165 62 nous
796 2135 186 62 faire
920 2135 144 62 les
1003 2135 248 62 insultes
1188 2135 124 62 et
1250 2135 144 62 les
1312 2135 186 62 avanies

93 2178 175 56 «les
203 2178 175 56 plus
312 2178 373 56 outrageantes.
619 2178 175 56 Rien
729 2178 197 56 n’est
860 2178 175 56 donc
970 2178 197 56 mieux
1101 2178 197 56 pensé
1233 2178 153 56 que
1321 2178 132 56 de
1364 2178 132 56 s’en

93 2226 255 61 «prendre
284 2226 106 61 à
327 2226 149 61 eux
412 2226 340 61 directement,
688 2226 128 61 et
752 2226 128 61 de
816 2226 128 61 ne
880 2226 191 61 point
1008 2226 277 61 s’attirer
1220 2226 255 61 d’autres
1391 2226 106 61 en-

93 2276 213 54 «nemis
242 2276 149 54 sur
327 2276 149 54 les
412 2276 277 54 bras....»
625 2276 128 54 En
688 2276 277 54 attendant
901 2276 149 54 les
986 2276 319 54 événements,
1242 2276 128 54 il
1284 2276 213 54 l’engage

95 2324 103 59 à
137 2324 268 59 s’occuper
342 2324 123 59 de
404 2324 226 59 chasse,
569 2324 123 59 de
631 2324 247 59 comédie,
816 2324 123 59 de
878 2324 226 59 musique
1042 2324 123 59 et
1104 2324 123 59 il
1166 2324 165 59 fera
1248 2324 247 59 très

94 2369 119 55 de
154 2369 139 55 son
233 2369 178 55 côté,
351 2369 119 55 il
411 2369 297 55 travaillera
648 2369 99 55 à
688 2369 139 55 lui
767 2369 237 55 procurer
945 2369 158 55 tout
1044 2369 119 55 ce
1103 2369 139 55 qui
1182 2369 158 55 peut
1262 2369 237 55 contribuer

94 2418 102 55 à
134 2418 205 55 rendre
278 2418 143 55 ces
360 2418 287 55 amusements
585 2418 164 55 plus
687 2418 184 55 vifs,
810 2418 123 55 et
871 2418 164 55 plus
974 2418 287 55 brillants,
1199 2418 184 55 etc.,
1301 2418 123 55 etc.

49 2451 163 81 786.
150 2451 407 81 Aimodière
497 2451 265 81 (Samuel),
700 2451 285 81 chirurgien
924 2451 122 81 et
985 2451 265 81 opérateur
1189 2451 122 81 du
1250 2451 163 81 roi.
1331 2451 163 81 Quitt.

82 2514 263 48 sig.
247 2514 263 48 (sur
411 2514 395 48 parch.),
707 2514 230 48 1er
838 2514 427 48 septembre
1167 2514 296 48 1643.
1364 2514 164 48 2
1397 2514 99 48 »

48 2558 168 61 787.
153 2558 398 61 Allemand
488 2558 147 61 (le
572 2558 231 61 comte),
740 2558 336 61 vice-amiral.
1013 2558 126 61 L.
1076 2558 168 61 aut.
1180 2558 168 61 sig.
1285 2558 105 61 A
1327 2558 168 61 bord
1411 2558 84 61 du

92 2610 251 50 vaisseau
281 2610 189 50 le
406 2610 419 50 Tirannicide
763 2610 126 50 25
825 2610 251 50 frimaire
1014 2610 126 50 an
1077 2610 168 50 VII.
1182 2610 105 50 2
1224 2610 126 50 p.
1286 2610 189 50 in-4.
1412 2610 105 50 3
1433 2610 63 50 »

55 2643 139 80 788.
141 2643 313 80 Amboyse
402 2643 243 80 (Jacques),
593 2643 295 80 Ambœsius
836 2643 365 80 (Jacobus),
1149 2643 191 80 médecin
1288 2643 191 80 d’Henri
1409 2643 87 80 IV.

96 2706 112 85 1°
152 2706 112 85 Sa
208 2706 262 85 signature,
414 2706 243 85 Jacobi
601 2706 206 85 Ambæsii
750 2706 187 85 medici
881 2706 280 85 Parisiensis
1106 2706 112 85 et
1162 2706 262 85 Reg,
1367 2706 112 85 au
1405 2706 93 85 bas
