1587 2945
710 49 228 74 66
786 49 114 74 —

85 139 117 66 du
144 139 176 66 titre
261 139 215 66 imprimé
417 139 117 66 de
476 139 351 66 Hippocratis
768 139 137 66 coi
846 139 351 66 medicorum
1139 139 176 66 etc.,
1256 139 176 66 1546.
1353 139 137 66 in

81 203 120 48 —
129 203 144 48 2°
201 203 144 48 Sa
273 203 312 48 signature
512 203 144 48 au
584 203 168 48 bas
680 203 144 48 de
752 203 144 48 la
824 203 192 48 page
944 203 168 48 301
1040 203 144 48 du
1112 203 192 48 même
1231 203 240 48 livre.
1399 203 120 48 5
1423 203 72 48 »

38 222 159 80 789.
138 222 319 80 Anaïs
397 222 219 80 (Mlle),
556 222 219 80 actrice
715 222 120 80 du
775 222 418 80 Théâtre-Français.
1134 222 120 80 L.
1193 222 159 80 aut.
1293 222 159 80 sig.
1392 222 100 80 1
1412 222 80 80 p.

-49 282 1389 59 in-8.
877 282 772 59 2
1031 282 463 59 »

34 327 192 66 790.
154 327 408 66 Andral
490 327 288 66 médecin.
706 327 144 66 L.
778 327 192 66 aut.
898 327 192 66 sig.
1018 327 120 66 1
1066 327 144 66 p.
1138 327 168 66 1/2
1234 327 216 66 in-8.
1378 327 120 66 1
1402 327 96 66 50

39 373 169 73 791.
145 373 423 73 Angoulême
504 373 402 73 (Louis-Antoine,
842 373 148 73 duc
926 373 169 73 d’),
1032 373 127 73 L.
1095 373 169 73 aut.
1201 373 190 73 sig.,
1328 373 106 73 à
1370 373 127 73 M.
1412 373 85 73 le

85 427 190 64 comte
211 427 127 64 de
275 427 211 64 Vérac.
422 427 359 64 Blankenburgh,
718 427 127 64 29
781 427 148 64 mai
865 427 190 64 1797.
992 427 105 64 1
1034 427 127 64 p.
1097 427 190 64 in-4.
1224 427 232 64 Cachet.
1393 427 127 64 10
1435 427 63 64 »

143 477 167 66 ....
247 477 146 66 Les
331 477 271 66 dernières
539 477 271 66 nouvelles
747 477 187 66 qu’il
872 477 104 66 a
914 477 125 66 du
976 477 146 66 duc
1060 477 125 66 de
1122 477 187 66 Berri
1247 477 167 66 sont
1351 477 125 66 du
1393 477 104 66 14,

86 523 120 57 il
146 523 180 57 avait
266 523 221 57 rejoint
427 523 221 57 l’armée
587 523 120 57 de
647 523 180 57 Condé
768 523 120 57 la
808 523 180 57 veille.

39 555 165 88 792.
142 555 411 88 Angoulême
492 555 597 88 (Marie-Thérèse-Charlotte,
1027 555 247 88 duchesse
1212 555 165 88 d’),
1315 555 185 88 fille
1418 555 82 88 de

90 623 169 62 Louis
203 623 150 62 XVI.
297 623 188 62 Brevet
429 623 169 62 sig.,
542 623 470 62 Marie-Thérèse
955 623 113 62 en
1012 623 188 62 faveur
1144 623 113 62 de
1200 623 113 62 M.
1256 623 188 62 l’abbé
1369 623 132 62 Veil-

85 660 193 62 lard,
213 660 107 62 à
256 660 129 62 la
321 660 193 62 place
450 660 129 62 de
514 660 279 62 chapelain
729 660 129 62 de
793 660 129 62 la
858 660 258 62 chapelle
1051 660 129 62 du
1115 660 236 62 château
1287 660 129 62 de
1330 660 172 62 Ville-

85 713 404 55 neuve-l’Etang.
421 713 247 55 Château
601 713 157 55 des
691 713 314 55 Tuileries,
938 713 135 55 31
1005 713 269 55 décembre
1207 713 202 55 1825.
1319 713 180 55 Grande

89 761 204 70 feuille
238 761 185 70 double
367 761 204 70 in-fol.
516 761 297 70 (Parchemin).
757 761 204 70 Cachet.
905 761 297 70 Rare
1146 761 185 70 Portr.
1276 761 167 70 lith.
1368 761 130 70 in

85 809 139 62 et
154 809 232 62 portr.
317 809 209 62 gravé
456 809 139 62 de
526 809 139 62 la
595 809 325 62 Galerie
850 809 464 62 Instructive
1245 809 209 62 in-4.
1384 809 139 62 12
1430 809 70 62 »

40 854 164 70 793.
143 854 349 70 Anroux
431 854 206 70 (Dom),
575 854 308 70 bénédictin.
822 854 123 70 L.
883 854 164 70 aut.
986 854 185 70 sig.,
1109 854 103 70 à
1151 854 123 70 M.
1212 854 123 70 Le
1253 854 247 70 Chevalier,

87 903 202 63 avocat
228 903 121 63 au
288 903 282 63 Parlement,
510 903 101 63 à
551 903 202 63 Paris.
692 903 101 63 A
732 903 121 63 la
792 903 222 63 Claire,
954 903 101 63 4
994 903 262 63 novembre.
1196 903 101 63 3
1236 903 121 63 p.
1296 903 141 63 pl.
1357 903 141 63 in

42 953 729 51 Cachet.
572 953 862 51 Curieuse.
1235 953 331 51 3
1301 953 199 51 »

40 1000 165 61 794.
143 1000 247 61 Ansse
329 1000 124 61 de
391 1000 350 61 Villoison
679 1000 536 61 (Jean-Baptiste-Gaspard
1153 1000 165 61 d’),
1256 1000 206 61 savant
1379 1000 124 61 hel

90 1048 207 52 léniste.
245 1048 103 52 Né
296 1048 86 52 à
331 1048 310 52 Corbeil
589 1048 344 52 (Seine-et-Oise).
881 1048 103 52 L.
933 1048 138 52 aut.
1019 1048 155 52 sig.,
1122 1048 86 52 à
1157 1048 103 52 M.
1191 1048 310 52 l’ambassadeur...

79 1100 324 64 Paris,
305 1100 194 64 13
402 1100 291 64 avril
597 1100 291 64 1787.
791 1100 162 64 4
856 1100 227 64 gr.
985 1100 194 64 p.
1082 1100 356 64 in-fol.
1341 1100 162 64 7
1374 1100 129 64 50

134 1126 211 76 Lettre
282 1126 253 76 curieuse
471 1126 127 76 au
535 1126 190 76 sujet
661 1126 127 76 du
725 1126 274 76 manuscrit
935 1126 127 76 de
999 1126 211 76 Lyddus
1146 1126 190 76 qu’il
1273 1126 148 76 lui
1357 1126 105 76 a
1378 1126 127 76 fait

90 1202 266 47 parvenir.
294 1202 164 47 ....
397 1202 123 47 Il
458 1202 164 47 faut
560 1202 143 47 que
642 1202 246 47 l’ancien
826 1202 287 47 possesseur
1052 1202 123 47 de
1113 1202 123 47 ce
1174 1202 184 47 livre
1297 1202 143 47 ait
1379 1202 123 47 eu
1420 1202 82 47 sa

89 1235 333 55 bibliothèque
360 1235 166 55 dans
464 1235 125 55 sa
526 1235 187 55 cave;
651 1235 125 55 je
713 1235 166 55 n’ai
817 1235 208 55 jamais
963 1235 125 55 vu
1025 1235 125 55 de
1088 1235 208 55 livres
1234 1235 125 55 si
1296 1235 208 55 tachés
1421 1235 83 55 de

91 1286 164 57 vin,
193 1286 123 57 et
254 1286 123 57 si
316 1286 307 57 maltraités.
561 1286 246 57 «J’avois
746 1286 225 57 d’abord
909 1286 266 57 soupçonné
1114 1286 143 57 que
1196 1286 225 57 c’étoit
1360 1286 123 57 le
1401 1286 102 57 vi-

93 1335 235 51 «naigre
264 1335 128 51 du
328 1335 257 51 Lazareth
520 1335 150 51 qui
606 1335 192 51 avait
734 1335 150 51 mis
820 1335 128 51 ce
884 1335 278 51 manuscrit
1098 1335 171 51 dans
1205 1335 128 51 un
1269 1335 128 51 si
1312 1335 192 51 pitoya-

95 1388 168 55 «ble
200 1388 189 55 état:
326 1388 168 55 mais
432 1388 232 55 ensuite
600 1388 126 55 je
663 1388 126 55 me
726 1388 168 55 suis
832 1388 274 55 convaincu
1042 1388 147 55 que
1126 1388 126 55 je
1189 1388 126 55 ne
1252 1388 210 55 devois
1379 1388 126 55 m’en

93 1433 260 70 «prendre
288 1433 173 70 qu’à
397 1433 347 70 l’ivrognerie
678 1433 130 70 de
743 1433 130 70 ce
809 1433 260 70 grec...»
1004 1433 325 70 Description
1264 1433 130 70 du
1307 1433 195 70 contenu

92 1477 131 61 de
158 1477 131 61 ce
201 1477 306 61 manuscrit...

45 1491 158 84 795.
144 1491 335 84 Appony
420 1491 158 84 (Mme
519 1491 118 84 la
578 1491 276 84 comtesse),
795 1491 118 84 L.
854 1491 158 84 aut.
953 1491 178 84 sig.,
1071 1491 99 84 à
1110 1491 197 84 Mme...
1249 1491 99 84 1
1288 1491 118 84 p.
1347 1491 178 84 in-8.
1446 1491 59 84 —

91 1569 246 88 APPONY.
269 1569 313 88 (Thérèse).
515 1569 134 88 L.
582 1569 179 88 aut.
694 1569 201 88 sig.,
828 1569 112 88 à
873 1569 156 88 Mme
962 1569 134 88 la
1029 1569 268 88 comtesse
1230 1569 134 88 de
1275 1569 223 88 Mesnard.

50 1621 316 61 2
176 1621 379 61 p.
366 1621 569 61 in-8.
745 1621 695 61 Cachet.
1250 1621 316 61 3
1313 1621 190 61 »

44 1653 160 102 796.
144 1653 320 102 Arago
404 1653 300 102 (François),
644 1653 280 102 astronome,
864 1653 360 102 mathématicien.
1164 1653 120 102 1°
1224 1653 120 102 L.
1284 1653 160 102 aut.
1364 1653 140 102 sig.,

93 1720 110 62 à
137 1720 132 62 M.
203 1720 243 62 Bavoux.
380 1720 132 62 16
446 1720 177 62 août
556 1720 199 62 1840,
689 1720 110 62 1
733 1720 132 62 p.
799 1720 221 62 in-4.—
953 1720 132 62 2°
1020 1720 265 62 «Réponse
1218 1720 132 62 de
1284 1720 132 62 M.
1328 1720 177 62 Arago,

95 1771 257 54 «député,
287 1771 107 54 à
330 1771 128 54 M.
394 1771 128 54 le
458 1771 278 54 capitaine
672 1771 128 54 de
736 1771 278 54 vaisseau,
950 1771 449 54 Dumont-D’Urville,
1335 1771 128 54 et
1378 1771 128 54 exa-

96 1815 157 50 «men
194 1815 235 50 critique
371 1815 118 50 du
430 1815 216 50 premier
587 1815 255 50 Voyage
783 1815 118 50 de
841 1815 196 50 circum
979 1815 274 50 navigation
1194 1815 118 50 de
1234 1815 274 50 l’Astro

97 1862 322 59 labe»
359 1862 262 59 Manuscrit
560 1862 161 59 aut.
661 1862 242 59 (Découpé
842 1862 161 59 pour
943 1862 342 59 l’impression,
1225 1862 121 59 et
1285 1862 181 59 réuni
1406 1862 121 59 en
1447 1862 60 59 2

72 1919 296 59 gr.
241 1919 253 59 p.
367 1919 296 59 pl.
536 1919 253 59 et
663 1919 380 59 demie
917 1919 507 59 in-fol.)
1297 1919 253 59 20
1381 1919 127 59 »

50 1959 137 73 797.
135 1959 360 73 Arlincourt
444 1959 120 73 (le
512 1959 188 73 vicomte
649 1959 137 73 d’),
735 1959 240 73 romancier,
923 1959 171 73 auteur
1043 1959 103 73 du
1094 1959 377 73 Solitaire,
1402 1959 103 73 etc.

91 2013 136 50 L.
159 2013 182 50 aut.
273 2013 204 50 sig.,
409 2013 114 50 à
455 2013 159 50 Mme
546 2013 136 50 la
614 2013 273 50 comtesse
818 2013 182 50 Léon
932 2013 364 50 Razoumowska.
1227 2013 136 50 20
1273 2013 227 50 février.

42 2061 366 69 1
188 2061 440 69 p.
408 2061 513 69 pl.
701 2061 659 69 in-8.
1141 2061 366 69 4
1214 2061 293 69 50

49 2093 155 75 798.
146 2093 330 75 Auber,
418 2093 214 75 célèbre
573 2093 311 75 compositeur.
826 2093 117 75 L.
884 2093 155 75 aut.
981 2093 175 75 sig.,
1098 2093 117 75 au
1156 2093 175 75 baron
1273 2093 117 75 de
1312 2093 194 75 Trémont.

79 2161 393 65 Samedi,
365 2161 214 65 27
472 2161 429 65 octobre.
794 2161 464 65 Demi-page
1151 2161 321 65 in-8.
1365 2161 179 65 2
1401 2161 107 65 »

49 2182 153 106 799.
145 2182 325 106 Aubéry
412 2182 210 106 (Jean),
565 2182 210 106 médécin
719 2182 115 106 de
776 2182 172 106 Louis
891 2182 172 106 XIII.
1006 2182 191 106 Quitt.
1139 2182 153 106 sie.
1235 2182 153 106 (sur
1312 2182 191 106 parch.).

63 2247 321 74 15
223 2247 589 74 octobre
651 2247 482 74 1621.
972 2247 482 74 00.5.
1293 2247 268 74 2
1347 2247 161 74 »

49 2307 158 78 800.
148 2307 237 78 Audin
325 2307 335 78 Rouvière,
602 2307 237 78 médecin,
779 2307 197 78 auteur
917 2307 118 78 de
976 2307 118 78 la
1036 2307 296 78 Médecine
1272 2307 158 78 sans
1351 2307 158 78 le

97 2363 360 66 médecin
400 2363 114 66 L.
457 2363 152 66 aut.
552 2363 171 66 sig.,
666 2363 95 66 à
704 2363 114 66 M.
761 2363 265 66 Villenave.
969 2363 190 66 Paris,
1102 2363 133 66 1er
1178 2363 171 66 avril
1291 2363 171 66 1810.
1405 2363 95 66 1
1424 2363 76 66 p.

59 2410 521 61 in-4.
407 2410 463 61 Tête
696 2410 753 61 imprimée.
1275 2410 290 61 2
1333 2410 174 61 »

50 2443 150 77 801.
144 2443 337 77 Auvity,
425 2443 225 77 médecin,
593 2443 112 77 L.
649 2443 150 77 aut.
743 2443 150 77 sig.
836 2443 112 77 13
892 2443 206 77 février
1042 2443 168 77 1828.
1154 2443 94 77 1
1192 2443 112 77 p.
1248 2443 131 77 pl.
1323 2443 150 77 in-4
1416 2443 94 77 2
1435 2443 75 77 50

52 2508 149 64 802.
146 2508 336 64 Baillet
425 2508 261 64 (Gabriel),
630 2508 224 64 jésuite.
798 2508 186 64 Quitt.
929 2508 149 64 aut.
1022 2508 149 64 sig.
1115 2508 149 64 (sur
1209 2508 224 64 parch.).
1358 2508 149 64 Paris,

77 2565 261 63 14
207 2565 478 63 janvier
555 2565 391 63 1684.
816 2565 478 63 Cachet.
1207 2565 217 63 5
1294 2565 217 63 2
1337 2565 174 63 50

50 2603 160 76 803.
150 2603 340 76 Bailly
431 2603 381 76 (Jean-Silvain),
751 2603 280 76 astronome,
971 2603 200 76 membre
1111 2603 120 76 de
1172 2603 280 76 l’Académie
1372 2603 140 76 fran

98 2663 207 59 çaise,
243 2663 187 59 Maire
368 2663 124 59 de
430 2663 207 59 Paris.
575 2663 145 59 Mis
658 2663 104 59 à
700 2663 166 59 mort
804 2663 124 59 en
866 2663 187 59 1793.
990 2663 124 59 L.
1053 2663 166 59 aut.
1156 2663 187 59 sig.,
1281 2663 104 59 à
1322 2663 124 59 M.
1364 2663 145 59 Guil-

94 2713 251 86 laumot.
277 2713 228 86 Paris,
437 2713 137 86 11
505 2713 251 86 juillet
688 2713 206 86 1787,
825 2713 114 86 1
871 2713 137 86 p.
939 2713 206 86 in-4.
1076 2713 206 86 Jolie
1213 2713 251 86 lettre.
1396 2713 114 86 7
1419 2713 91 86 50
