<?xml version='1.0' encoding='UTF8'?>
<alto xmlns:xsi="http://www.w3.org/2001/XMLSchema-instance" xmlns="http://www.loc.gov/standards/alto/ns-v2#" xmlns:page="http://schema.primaresearch.org/PAGE/gts/pagecontent/2013-07-15" xsi:schemaLocation="http://www.loc.gov/standards/alto/ns-v2# http://www.loc.gov/standards/alto/alto.xsd">
  <Description>
    <MeasurementUnit>mm10</MeasurementUnit>
    <sourceImageInformation>
         <fileName>98.jpg</fileName>
      </sourceImageInformation>
    <OCRProcessing ID="IdOcr">
      <ocrProcessingStep>
        <processingDateTime>2020-10-13T13:56:13.625+02:00</processingDateTime>
        <processingSoftware>
               <softwareCreator>CONTRIBUTORS</softwareCreator>
               <softwareName>pdfalto</softwareName>
               <softwareVersion>0.1</softwareVersion>
            </processingSoftware>
      </ocrProcessingStep>
    </OCRProcessing>
  </Description>
  <Styles>
   <TextStyle ID="FONT0" FONTFAMILY="unknown" FONTSIZE="unknown" FONTSTYLE=""/>
   <TextStyle ID="FONT1" FONTFAMILY="unknown" FONTSIZE="unknown" FONTSTYLE="bold"/>
   <TextStyle ID="FONT2" FONTFAMILY="unknown" FONTSIZE="unknown" FONTSTYLE="italics"/>
  </Styles>
  <Tags/>
  <Layout>
    <Page ID="Page1" PHYSICAL_IMG_NR="1" HEIGHT="2941" WIDTH="1561">
      <PrintSpace HEIGHT="2734" WIDTH="1445" VPOS="114" HPOS="72">
        <TextBlock ID="r_1_1" HEIGHT="42" WIDTH="133" VPOS="121" HPOS="759">
          <TextLine ID="tl_1" BASELINE="192" HEIGHT="111" WIDTH="155" VPOS="81" HPOS="746">
            <String HEIGHT="111" WIDTH="233" VPOS="81" HPOS="707" CONTENT="70" ID="tl_1_1" STYLEREFS="FONT0"/>
            <SP HEIGHT="111" WIDTH="39" VPOS="81" HPOS="940"/>
            <String HEIGHT="111" WIDTH="116" VPOS="81" HPOS="785" CONTENT="—" ID="tl_1_2" STYLEREFS="FONT0"/>
          </TextLine>
        </TextBlock>
        <TextBlock ID="r_2_1" HEIGHT="50" WIDTH="1414" VPOS="210" HPOS="88">
          <TextLine ID="tl_2" BASELINE="254" HEIGHT="71" WIDTH="1431" VPOS="183" HPOS="79">
            <String HEIGHT="71" WIDTH="164" VPOS="183" HPOS="59" CONTENT="851." ID="tl_2_1" STYLEREFS="FONT0"/>
            <SP HEIGHT="71" WIDTH="20" VPOS="183" HPOS="222"/>
            <String HEIGHT="71" WIDTH="409" VPOS="183" HPOS="161" CONTENT="Castellan" ID="tl_2_2" STYLEREFS="FONT1"/>
            <SP HEIGHT="71" WIDTH="20" VPOS="183" HPOS="570"/>
            <String HEIGHT="71" WIDTH="245" VPOS="183" HPOS="508" CONTENT="(Honorat" ID="tl_2_3" STYLEREFS="FONT0"/>
            <SP HEIGHT="71" WIDTH="20" VPOS="183" HPOS="754"/>
            <String HEIGHT="71" WIDTH="164" VPOS="183" HPOS="692" CONTENT="de)," ID="tl_2_4" STYLEREFS="FONT0"/>
            <SP HEIGHT="71" WIDTH="20" VPOS="183" HPOS="856"/>
            <String HEIGHT="71" WIDTH="245" VPOS="183" HPOS="795" CONTENT="notaire," ID="tl_2_5" STYLEREFS="FONT0"/>
            <SP HEIGHT="71" WIDTH="20" VPOS="183" HPOS="1040"/>
            <String HEIGHT="71" WIDTH="286" VPOS="183" HPOS="978" CONTENT="secrétaire" ID="tl_2_6" STYLEREFS="FONT0"/>
            <SP HEIGHT="71" WIDTH="20" VPOS="183" HPOS="1265"/>
            <String HEIGHT="71" WIDTH="123" VPOS="183" HPOS="1203" CONTENT="et" ID="tl_2_7" STYLEREFS="FONT0"/>
            <SP HEIGHT="71" WIDTH="20" VPOS="183" HPOS="1326"/>
            <String HEIGHT="71" WIDTH="225" VPOS="183" HPOS="1265" CONTENT="médecin" ID="tl_2_8" STYLEREFS="FONT0"/>
            <SP HEIGHT="71" WIDTH="20" VPOS="183" HPOS="1490"/>
            <String HEIGHT="71" WIDTH="102" VPOS="183" HPOS="1408" CONTENT="hô" ID="tl_2_9" STYLEREFS="FONT0"/>
          </TextLine>
        </TextBlock>
        <TextBlock ID="r_2_2" HEIGHT="147" WIDTH="1375" VPOS="258" HPOS="130">
          <TextLine ID="tl_3" BASELINE="315" HEIGHT="64" WIDTH="1383" VPOS="251" HPOS="127">
            <String HEIGHT="64" WIDTH="245" VPOS="251" HPOS="105" CONTENT="noraire" ID="tl_3_1" STYLEREFS="FONT0"/>
            <SP HEIGHT="64" WIDTH="22" VPOS="251" HPOS="350"/>
            <String HEIGHT="64" WIDTH="134" VPOS="251" HPOS="283" CONTENT="de" ID="tl_3_2" STYLEREFS="FONT0"/>
            <SP HEIGHT="64" WIDTH="22" VPOS="251" HPOS="417"/>
            <String HEIGHT="64" WIDTH="245" VPOS="251" HPOS="350" CONTENT="Charles" ID="tl_3_3" STYLEREFS="FONT0"/>
            <SP HEIGHT="64" WIDTH="22" VPOS="251" HPOS="595"/>
            <String HEIGHT="64" WIDTH="156" VPOS="251" HPOS="529" CONTENT="IX." ID="tl_3_4" STYLEREFS="FONT0"/>
            <SP HEIGHT="64" WIDTH="22" VPOS="251" HPOS="685"/>
            <String HEIGHT="64" WIDTH="223" VPOS="251" HPOS="618" CONTENT="Quitt." ID="tl_3_5" STYLEREFS="FONT0"/>
            <SP HEIGHT="64" WIDTH="22" VPOS="251" HPOS="841"/>
            <String HEIGHT="64" WIDTH="178" VPOS="251" HPOS="774" CONTENT="sig." ID="tl_3_6" STYLEREFS="FONT0"/>
            <SP HEIGHT="64" WIDTH="22" VPOS="251" HPOS="952"/>
            <String HEIGHT="64" WIDTH="178" VPOS="251" HPOS="885" CONTENT="(sur" ID="tl_3_7" STYLEREFS="FONT0"/>
            <SP HEIGHT="64" WIDTH="22" VPOS="251" HPOS="1064"/>
            <String HEIGHT="64" WIDTH="245" VPOS="251" HPOS="997" CONTENT="parch.)" ID="tl_3_8" STYLEREFS="FONT0"/>
            <SP HEIGHT="64" WIDTH="22" VPOS="251" HPOS="1242"/>
            <String HEIGHT="64" WIDTH="134" VPOS="251" HPOS="1175" CONTENT="de" ID="tl_3_9" STYLEREFS="FONT0"/>
            <SP HEIGHT="64" WIDTH="22" VPOS="251" HPOS="1309"/>
            <String HEIGHT="64" WIDTH="134" VPOS="251" HPOS="1242" CONTENT="la" ID="tl_3_10" STYLEREFS="FONT0"/>
            <SP HEIGHT="64" WIDTH="22" VPOS="251" HPOS="1376"/>
            <String HEIGHT="64" WIDTH="201" VPOS="251" HPOS="1309" CONTENT="somme" ID="tl_3_11" STYLEREFS="FONT0"/>
            <SP HEIGHT="64" WIDTH="22" VPOS="251" HPOS="1510"/>
            <String HEIGHT="64" WIDTH="89" VPOS="251" HPOS="1421" CONTENT="de" ID="tl_3_12" STYLEREFS="FONT0"/>
          </TextLine>
          <TextLine ID="tl_4" BASELINE="354" HEIGHT="63" WIDTH="1389" VPOS="291" HPOS="122">
            <String HEIGHT="63" WIDTH="157" VPOS="291" HPOS="100" CONTENT="200" ID="tl_4_1" STYLEREFS="FONT0"/>
            <SP HEIGHT="63" WIDTH="22" VPOS="291" HPOS="256"/>
            <String HEIGHT="63" WIDTH="246" VPOS="291" HPOS="189" CONTENT="livres," ID="tl_4_2" STYLEREFS="FONT0"/>
            <SP HEIGHT="63" WIDTH="22" VPOS="291" HPOS="436"/>
            <String HEIGHT="63" WIDTH="179" VPOS="291" HPOS="368" CONTENT="pour" ID="tl_4_3" STYLEREFS="FONT0"/>
            <SP HEIGHT="63" WIDTH="22" VPOS="291" HPOS="548"/>
            <String HEIGHT="63" WIDTH="134" VPOS="291" HPOS="480" CONTENT="un" ID="tl_4_4" STYLEREFS="FONT0"/>
            <SP HEIGHT="63" WIDTH="22" VPOS="291" HPOS="615"/>
            <String HEIGHT="63" WIDTH="269" VPOS="291" HPOS="548" CONTENT="quartier" ID="tl_4_5" STYLEREFS="FONT0"/>
            <SP HEIGHT="63" WIDTH="22" VPOS="291" HPOS="817"/>
            <String HEIGHT="63" WIDTH="134" VPOS="291" HPOS="749" CONTENT="de" ID="tl_4_6" STYLEREFS="FONT0"/>
            <SP HEIGHT="63" WIDTH="22" VPOS="291" HPOS="884"/>
            <String HEIGHT="63" WIDTH="157" VPOS="291" HPOS="817" CONTENT="ses" ID="tl_4_7" STYLEREFS="FONT0"/>
            <SP HEIGHT="63" WIDTH="22" VPOS="291" HPOS="973"/>
            <String HEIGHT="63" WIDTH="202" VPOS="291" HPOS="906" CONTENT="gages" ID="tl_4_8" STYLEREFS="FONT0"/>
            <SP HEIGHT="63" WIDTH="22" VPOS="291" HPOS="1108"/>
            <String HEIGHT="63" WIDTH="134" VPOS="291" HPOS="1041" CONTENT="de" ID="tl_4_9" STYLEREFS="FONT0"/>
            <SP HEIGHT="63" WIDTH="22" VPOS="291" HPOS="1175"/>
            <String HEIGHT="63" WIDTH="157" VPOS="291" HPOS="1108" CONTENT="son" ID="tl_4_10" STYLEREFS="FONT0"/>
            <SP HEIGHT="63" WIDTH="22" VPOS="291" HPOS="1265"/>
            <String HEIGHT="63" WIDTH="179" VPOS="291" HPOS="1197" CONTENT="état" ID="tl_4_11" STYLEREFS="FONT0"/>
            <SP HEIGHT="63" WIDTH="22" VPOS="291" HPOS="1377"/>
            <String HEIGHT="63" WIDTH="134" VPOS="291" HPOS="1309" CONTENT="de" ID="tl_4_12" STYLEREFS="FONT0"/>
            <SP HEIGHT="63" WIDTH="22" VPOS="291" HPOS="1444"/>
            <String HEIGHT="63" WIDTH="157" VPOS="291" HPOS="1354" CONTENT="médé" SUBS_TYPE="HypPart1" SUBS_CONTENT="médécin" ID="tl_4_13" STYLEREFS="FONT0"/>
            <HYP CONTENT="-"/>
          </TextLine>
          <TextLine ID="tl_5" BASELINE="398" HEIGHT="57" WIDTH="1386" VPOS="341" HPOS="126">
            <String HEIGHT="57" WIDTH="183" VPOS="341" HPOS="100" CONTENT="cin" SUBS_TYPE="HypPart2" SUBS_CONTENT="médécin" ID="tl_5_1" STYLEREFS="FONT0"/>
            <SP HEIGHT="57" WIDTH="26" VPOS="341" HPOS="283"/>
            <String HEIGHT="57" WIDTH="157" VPOS="341" HPOS="204" CONTENT="de" ID="tl_5_2" STYLEREFS="FONT0"/>
            <SP HEIGHT="57" WIDTH="26" VPOS="341" HPOS="361"/>
            <String HEIGHT="57" WIDTH="157" VPOS="341" HPOS="283" CONTENT="Sa" ID="tl_5_3" STYLEREFS="FONT0"/>
            <SP HEIGHT="57" WIDTH="26" VPOS="341" HPOS="440"/>
            <String HEIGHT="57" WIDTH="314" VPOS="341" HPOS="361" CONTENT="Majesté." ID="tl_5_4" STYLEREFS="FONT0"/>
            <SP HEIGHT="57" WIDTH="26" VPOS="341" HPOS="675"/>
            <String HEIGHT="57" WIDTH="288" VPOS="341" HPOS="597" CONTENT="Dernier" ID="tl_5_5" STYLEREFS="FONT0"/>
            <SP HEIGHT="57" WIDTH="26" VPOS="341" HPOS="884"/>
            <String HEIGHT="57" WIDTH="209" VPOS="341" HPOS="806" CONTENT="jour" ID="tl_5_6" STYLEREFS="FONT0"/>
            <SP HEIGHT="57" WIDTH="26" VPOS="341" HPOS="1015"/>
            <String HEIGHT="57" WIDTH="157" VPOS="341" HPOS="937" CONTENT="de" ID="tl_5_7" STYLEREFS="FONT0"/>
            <SP HEIGHT="57" WIDTH="26" VPOS="341" HPOS="1094"/>
            <String HEIGHT="57" WIDTH="288" VPOS="341" HPOS="1015" CONTENT="juillet" ID="tl_5_8" STYLEREFS="FONT0"/>
            <SP HEIGHT="57" WIDTH="26" VPOS="341" HPOS="1303"/>
            <String HEIGHT="57" WIDTH="235" VPOS="341" HPOS="1224" CONTENT="1569." ID="tl_5_9" STYLEREFS="FONT0"/>
            <SP HEIGHT="57" WIDTH="26" VPOS="341" HPOS="1460"/>
            <String HEIGHT="57" WIDTH="131" VPOS="341" HPOS="1381" CONTENT="3" ID="tl_5_10" STYLEREFS="FONT0"/>
            <SP HEIGHT="57" WIDTH="26" VPOS="341" HPOS="1512"/>
            <String HEIGHT="57" WIDTH="105" VPOS="341" HPOS="1407" CONTENT="50" ID="tl_5_11" STYLEREFS="FONT0"/>
          </TextLine>
        </TextBlock>
        <TextBlock ID="r_2_3" HEIGHT="52" WIDTH="1419" VPOS="400" HPOS="85">
          <TextLine ID="tl_6" BASELINE="452" HEIGHT="67" WIDTH="1434" VPOS="385" HPOS="78">
            <String HEIGHT="67" WIDTH="153" VPOS="385" HPOS="59" CONTENT="852." ID="tl_6_1" STYLEREFS="FONT0"/>
            <SP HEIGHT="67" WIDTH="19" VPOS="385" HPOS="212"/>
            <String HEIGHT="67" WIDTH="344" VPOS="385" HPOS="154" CONTENT="Catinat" ID="tl_6_2" STYLEREFS="FONT1"/>
            <SP HEIGHT="67" WIDTH="19" VPOS="385" HPOS="499"/>
            <String HEIGHT="67" WIDTH="229" VPOS="385" HPOS="441" CONTENT="(Nicolas" ID="tl_6_3" STYLEREFS="FONT0"/>
            <SP HEIGHT="67" WIDTH="19" VPOS="385" HPOS="671"/>
            <String HEIGHT="67" WIDTH="153" VPOS="385" HPOS="613" CONTENT="de)," ID="tl_6_4" STYLEREFS="FONT0"/>
            <SP HEIGHT="67" WIDTH="19" VPOS="385" HPOS="766"/>
            <String HEIGHT="67" WIDTH="229" VPOS="385" HPOS="709" CONTENT="maréchal" ID="tl_6_5" STYLEREFS="FONT0"/>
            <SP HEIGHT="67" WIDTH="19" VPOS="385" HPOS="938"/>
            <String HEIGHT="67" WIDTH="115" VPOS="385" HPOS="881" CONTENT="de" ID="tl_6_6" STYLEREFS="FONT0"/>
            <SP HEIGHT="67" WIDTH="19" VPOS="385" HPOS="996"/>
            <String HEIGHT="67" WIDTH="210" VPOS="385" HPOS="938" CONTENT="France." ID="tl_6_7" STYLEREFS="FONT0"/>
            <SP HEIGHT="67" WIDTH="19" VPOS="385" HPOS="1149"/>
            <String HEIGHT="67" WIDTH="115" VPOS="385" HPOS="1091" CONTENT="L." ID="tl_6_8" STYLEREFS="FONT0"/>
            <SP HEIGHT="67" WIDTH="19" VPOS="385" HPOS="1206"/>
            <String HEIGHT="67" WIDTH="153" VPOS="385" HPOS="1149" CONTENT="aut." ID="tl_6_9" STYLEREFS="FONT0"/>
            <SP HEIGHT="67" WIDTH="19" VPOS="385" HPOS="1302"/>
            <String HEIGHT="67" WIDTH="172" VPOS="385" HPOS="1244" CONTENT="sig.," ID="tl_6_10" STYLEREFS="FONT0"/>
            <SP HEIGHT="67" WIDTH="19" VPOS="385" HPOS="1416"/>
            <String HEIGHT="67" WIDTH="96" VPOS="385" HPOS="1359" CONTENT="à" ID="tl_6_11" STYLEREFS="FONT0"/>
            <SP HEIGHT="67" WIDTH="19" VPOS="385" HPOS="1455"/>
            <String HEIGHT="67" WIDTH="115" VPOS="385" HPOS="1397" CONTENT="M." ID="tl_6_12" STYLEREFS="FONT0"/>
            <SP HEIGHT="67" WIDTH="19" VPOS="385" HPOS="1512"/>
            <String HEIGHT="67" WIDTH="76" VPOS="385" HPOS="1436" CONTENT="de" ID="tl_6_13" STYLEREFS="FONT0"/>
          </TextLine>
        </TextBlock>
        <TextBlock ID="r_2_4" HEIGHT="100" WIDTH="1371" VPOS="449" HPOS="133">
          <TextLine ID="tl_7" BASELINE="498" HEIGHT="60" WIDTH="1378" VPOS="438" HPOS="126">
            <String HEIGHT="60" WIDTH="248" VPOS="438" HPOS="103" CONTENT="Croman." ID="tl_7_1" STYLEREFS="FONT0"/>
            <SP HEIGHT="60" WIDTH="23" VPOS="438" HPOS="352"/>
            <String HEIGHT="60" WIDTH="136" VPOS="438" HPOS="284" CONTENT="Au" ID="tl_7_2" STYLEREFS="FONT0"/>
            <SP HEIGHT="60" WIDTH="23" VPOS="438" HPOS="420"/>
            <String HEIGHT="60" WIDTH="181" VPOS="438" HPOS="352" CONTENT="camp" ID="tl_7_3" STYLEREFS="FONT0"/>
            <SP HEIGHT="60" WIDTH="23" VPOS="438" HPOS="533"/>
            <String HEIGHT="60" WIDTH="136" VPOS="438" HPOS="465" CONTENT="de" ID="tl_7_4" STYLEREFS="FONT0"/>
            <SP HEIGHT="60" WIDTH="23" VPOS="438" HPOS="600"/>
            <String HEIGHT="60" WIDTH="361" VPOS="438" HPOS="533" CONTENT="Fenestrelle," ID="tl_7_5" STYLEREFS="FONT0"/>
            <SP HEIGHT="60" WIDTH="23" VPOS="438" HPOS="894"/>
            <String HEIGHT="60" WIDTH="136" VPOS="438" HPOS="826" CONTENT="le" ID="tl_7_6" STYLEREFS="FONT0"/>
            <SP HEIGHT="60" WIDTH="23" VPOS="438" HPOS="962"/>
            <String HEIGHT="60" WIDTH="113" VPOS="438" HPOS="894" CONTENT="4" ID="tl_7_7" STYLEREFS="FONT0"/>
            <SP HEIGHT="60" WIDTH="23" VPOS="438" HPOS="1007"/>
            <String HEIGHT="60" WIDTH="294" VPOS="438" HPOS="939" CONTENT="septembre" ID="tl_7_8" STYLEREFS="FONT0"/>
            <SP HEIGHT="60" WIDTH="23" VPOS="438" HPOS="1233"/>
            <String HEIGHT="60" WIDTH="203" VPOS="438" HPOS="1165" CONTENT="1693." ID="tl_7_9" STYLEREFS="FONT0"/>
            <SP HEIGHT="60" WIDTH="23" VPOS="438" HPOS="1368"/>
            <String HEIGHT="60" WIDTH="113" VPOS="438" HPOS="1301" CONTENT="3" ID="tl_7_10" STYLEREFS="FONT0"/>
            <SP HEIGHT="60" WIDTH="23" VPOS="438" HPOS="1414"/>
            <String HEIGHT="60" WIDTH="158" VPOS="438" HPOS="1346" CONTENT="gr." ID="tl_7_11" STYLEREFS="FONT0"/>
            <SP HEIGHT="60" WIDTH="23" VPOS="438" HPOS="1504"/>
            <String HEIGHT="60" WIDTH="90" VPOS="438" HPOS="1414" CONTENT="p." ID="tl_7_12" STYLEREFS="FONT0"/>
          </TextLine>
          <TextLine ID="tl_8" BASELINE="573" HEIGHT="85" WIDTH="1386" VPOS="488" HPOS="125">
            <String HEIGHT="85" WIDTH="211" VPOS="488" HPOS="95" CONTENT="pl." ID="tl_8_1" STYLEREFS="FONT0"/>
            <SP HEIGHT="85" WIDTH="30" VPOS="488" HPOS="306"/>
            <String HEIGHT="85" WIDTH="271" VPOS="488" HPOS="215" CONTENT="in-4." ID="tl_8_2" STYLEREFS="FONT0"/>
            <SP HEIGHT="85" WIDTH="30" VPOS="488" HPOS="487"/>
            <String HEIGHT="85" WIDTH="211" VPOS="488" HPOS="396" CONTENT="(Un" ID="tl_8_3" STYLEREFS="FONT0"/>
            <SP HEIGHT="85" WIDTH="30" VPOS="488" HPOS="607"/>
            <String HEIGHT="85" WIDTH="211" VPOS="488" HPOS="517" CONTENT="peu" ID="tl_8_4" STYLEREFS="FONT0"/>
            <SP HEIGHT="85" WIDTH="30" VPOS="488" HPOS="728"/>
            <String HEIGHT="85" WIDTH="301" VPOS="488" HPOS="637" CONTENT="tachée" ID="tl_8_5" STYLEREFS="FONT0"/>
            <SP HEIGHT="85" WIDTH="30" VPOS="488" HPOS="939"/>
            <String HEIGHT="85" WIDTH="181" VPOS="488" HPOS="848" CONTENT="et" ID="tl_8_6" STYLEREFS="FONT0"/>
            <SP HEIGHT="85" WIDTH="30" VPOS="488" HPOS="1029"/>
            <String HEIGHT="85" WIDTH="512" VPOS="488" HPOS="939" CONTENT="raccommodée.)" ID="tl_8_7" STYLEREFS="FONT0"/>
            <SP HEIGHT="85" WIDTH="30" VPOS="488" HPOS="1451"/>
            <String HEIGHT="85" WIDTH="181" VPOS="488" HPOS="1360" CONTENT="22" ID="tl_8_8" STYLEREFS="FONT0"/>
            <SP HEIGHT="85" WIDTH="30" VPOS="488" HPOS="1541"/>
            <String HEIGHT="85" WIDTH="90" VPOS="488" HPOS="1421" CONTENT="»" ID="tl_8_9" STYLEREFS="FONT0"/>
          </TextLine>
        </TextBlock>
        <TextBlock ID="r_2_5" HEIGHT="192" WIDTH="1373" VPOS="544" HPOS="134">
          <TextLine ID="tl_9" BASELINE="589" HEIGHT="60" WIDTH="1320" VPOS="529" HPOS="195">
            <String HEIGHT="60" WIDTH="277" VPOS="529" HPOS="174" CONTENT="Nouvelles" ID="tl_9_1" STYLEREFS="FONT0"/>
            <SP HEIGHT="60" WIDTH="21" VPOS="529" HPOS="450"/>
            <String HEIGHT="60" WIDTH="128" VPOS="529" HPOS="387" CONTENT="de" ID="tl_9_2" STYLEREFS="FONT0"/>
            <SP HEIGHT="60" WIDTH="21" VPOS="529" HPOS="514"/>
            <String HEIGHT="60" WIDTH="128" VPOS="529" HPOS="450" CONTENT="la" ID="tl_9_3" STYLEREFS="FONT0"/>
            <SP HEIGHT="60" WIDTH="21" VPOS="529" HPOS="578"/>
            <String HEIGHT="60" WIDTH="234" VPOS="529" HPOS="514" CONTENT="guerre," ID="tl_9_4" STYLEREFS="FONT0"/>
            <SP HEIGHT="60" WIDTH="21" VPOS="529" HPOS="749"/>
            <String HEIGHT="60" WIDTH="128" VPOS="529" HPOS="685" CONTENT="du" ID="tl_9_5" STYLEREFS="FONT0"/>
            <SP HEIGHT="60" WIDTH="21" VPOS="529" HPOS="812"/>
            <String HEIGHT="60" WIDTH="149" VPOS="529" HPOS="749" CONTENT="duc" ID="tl_9_6" STYLEREFS="FONT0"/>
            <SP HEIGHT="60" WIDTH="21" VPOS="529" HPOS="898"/>
            <String HEIGHT="60" WIDTH="128" VPOS="529" HPOS="834" CONTENT="de" ID="tl_9_7" STYLEREFS="FONT0"/>
            <SP HEIGHT="60" WIDTH="21" VPOS="529" HPOS="961"/>
            <String HEIGHT="60" WIDTH="213" VPOS="529" HPOS="898" CONTENT="Savoie" ID="tl_9_8" STYLEREFS="FONT0"/>
            <SP HEIGHT="60" WIDTH="21" VPOS="529" HPOS="1110"/>
            <String HEIGHT="60" WIDTH="149" VPOS="529" HPOS="1047" CONTENT="qui" ID="tl_9_9" STYLEREFS="FONT0"/>
            <SP HEIGHT="60" WIDTH="21" VPOS="529" HPOS="1196"/>
            <String HEIGHT="60" WIDTH="149" VPOS="529" HPOS="1132" CONTENT="est" ID="tl_9_10" STYLEREFS="FONT0"/>
            <SP HEIGHT="60" WIDTH="21" VPOS="529" HPOS="1281"/>
            <String HEIGHT="60" WIDTH="192" VPOS="529" HPOS="1217" CONTENT="entré" ID="tl_9_11" STYLEREFS="FONT0"/>
            <SP HEIGHT="60" WIDTH="21" VPOS="529" HPOS="1409"/>
            <String HEIGHT="60" WIDTH="170" VPOS="529" HPOS="1345" CONTENT="dans" ID="tl_9_12" STYLEREFS="FONT0"/>
            <SP HEIGHT="60" WIDTH="21" VPOS="529" HPOS="1515"/>
            <String HEIGHT="60" WIDTH="85" VPOS="529" HPOS="1430" CONTENT="la" ID="tl_9_13" STYLEREFS="FONT0"/>
          </TextLine>
          <TextLine ID="tl_10" BASELINE="638" HEIGHT="58" WIDTH="1388" VPOS="580" HPOS="127">
            <String HEIGHT="58" WIDTH="214" VPOS="580" HPOS="106" CONTENT="vallée" ID="tl_10_1" STYLEREFS="FONT0"/>
            <SP HEIGHT="58" WIDTH="21" VPOS="580" HPOS="319"/>
            <String HEIGHT="58" WIDTH="128" VPOS="580" HPOS="255" CONTENT="de" ID="tl_10_2" STYLEREFS="FONT0"/>
            <SP HEIGHT="58" WIDTH="21" VPOS="580" HPOS="383"/>
            <String HEIGHT="58" WIDTH="342" VPOS="580" HPOS="319" CONTENT="Saint-Martin" ID="tl_10_3" STYLEREFS="FONT0"/>
            <SP HEIGHT="58" WIDTH="21" VPOS="580" HPOS="661"/>
            <String HEIGHT="58" WIDTH="128" VPOS="580" HPOS="597" CONTENT="et" ID="tl_10_4" STYLEREFS="FONT0"/>
            <SP HEIGHT="58" WIDTH="21" VPOS="580" HPOS="725"/>
            <String HEIGHT="58" WIDTH="149" VPOS="580" HPOS="661" CONTENT="est" ID="tl_10_5" STYLEREFS="FONT0"/>
            <SP HEIGHT="58" WIDTH="21" VPOS="580" HPOS="810"/>
            <String HEIGHT="58" WIDTH="192" VPOS="580" HPOS="746" CONTENT="monté" ID="tl_10_6" STYLEREFS="FONT0"/>
            <SP HEIGHT="58" WIDTH="21" VPOS="580" HPOS="938"/>
            <String HEIGHT="58" WIDTH="128" VPOS="580" HPOS="874" CONTENT="le" ID="tl_10_7" STYLEREFS="FONT0"/>
            <SP HEIGHT="58" WIDTH="21" VPOS="580" HPOS="1003"/>
            <String HEIGHT="58" WIDTH="128" VPOS="580" HPOS="938" CONTENT="31" ID="tl_10_8" STYLEREFS="FONT0"/>
            <SP HEIGHT="58" WIDTH="21" VPOS="580" HPOS="1067"/>
            <String HEIGHT="58" WIDTH="171" VPOS="580" HPOS="1003" CONTENT="août" ID="tl_10_9" STYLEREFS="FONT0"/>
            <SP HEIGHT="58" WIDTH="21" VPOS="580" HPOS="1173"/>
            <String HEIGHT="58" WIDTH="128" VPOS="580" HPOS="1109" CONTENT="au" ID="tl_10_10" STYLEREFS="FONT0"/>
            <SP HEIGHT="58" WIDTH="21" VPOS="580" HPOS="1237"/>
            <String HEIGHT="58" WIDTH="149" VPOS="580" HPOS="1173" CONTENT="col" ID="tl_10_11" STYLEREFS="FONT0"/>
            <SP HEIGHT="58" WIDTH="21" VPOS="580" HPOS="1323"/>
            <String HEIGHT="58" WIDTH="128" VPOS="580" HPOS="1259" CONTENT="de" ID="tl_10_12" STYLEREFS="FONT0"/>
            <SP HEIGHT="58" WIDTH="21" VPOS="580" HPOS="1387"/>
            <String HEIGHT="58" WIDTH="171" VPOS="580" HPOS="1323" CONTENT="Pis," ID="tl_10_13" STYLEREFS="FONT0"/>
            <SP HEIGHT="58" WIDTH="21" VPOS="580" HPOS="1494"/>
            <String HEIGHT="58" WIDTH="107" VPOS="580" HPOS="1430" CONTENT="y" ID="tl_10_14" STYLEREFS="FONT0"/>
            <SP HEIGHT="58" WIDTH="21" VPOS="580" HPOS="1536"/>
            <String HEIGHT="58" WIDTH="64" VPOS="580" HPOS="1451" CONTENT="à" ID="tl_10_15" STYLEREFS="FONT0"/>
          </TextLine>
          <TextLine ID="tl_11" BASELINE="692" HEIGHT="62" WIDTH="1389" VPOS="630" HPOS="126">
            <String HEIGHT="62" WIDTH="166" VPOS="630" HPOS="105" CONTENT="fait" ID="tl_11_1" STYLEREFS="FONT0"/>
            <SP HEIGHT="62" WIDTH="21" VPOS="630" HPOS="271"/>
            <String HEIGHT="62" WIDTH="270" VPOS="630" HPOS="209" CONTENT="descendre" ID="tl_11_2" STYLEREFS="FONT0"/>
            <SP HEIGHT="62" WIDTH="21" VPOS="630" HPOS="478"/>
            <String HEIGHT="62" WIDTH="124" VPOS="630" HPOS="416" CONTENT="du" ID="tl_11_3" STYLEREFS="FONT0"/>
            <SP HEIGHT="62" WIDTH="21" VPOS="630" HPOS="541"/>
            <String HEIGHT="62" WIDTH="187" VPOS="630" HPOS="478" CONTENT="monde" ID="tl_11_4" STYLEREFS="FONT0"/>
            <SP HEIGHT="62" WIDTH="21" VPOS="630" HPOS="665"/>
            <String HEIGHT="62" WIDTH="124" VPOS="630" HPOS="603" CONTENT="et" ID="tl_11_5" STYLEREFS="FONT0"/>
            <SP HEIGHT="62" WIDTH="21" VPOS="630" HPOS="727"/>
            <String HEIGHT="62" WIDTH="166" VPOS="630" HPOS="665" CONTENT="fait" ID="tl_11_6" STYLEREFS="FONT0"/>
            <SP HEIGHT="62" WIDTH="21" VPOS="630" HPOS="831"/>
            <String HEIGHT="62" WIDTH="207" VPOS="630" HPOS="769" CONTENT="brûler" ID="tl_11_7" STYLEREFS="FONT0"/>
            <SP HEIGHT="62" WIDTH="21" VPOS="630" HPOS="976"/>
            <String HEIGHT="62" WIDTH="124" VPOS="630" HPOS="914" CONTENT="un" ID="tl_11_8" STYLEREFS="FONT0"/>
            <SP HEIGHT="62" WIDTH="21" VPOS="630" HPOS="1038"/>
            <String HEIGHT="62" WIDTH="187" VPOS="630" HPOS="976" CONTENT="petit" ID="tl_11_9" STYLEREFS="FONT0"/>
            <SP HEIGHT="62" WIDTH="21" VPOS="630" HPOS="1163"/>
            <String HEIGHT="62" WIDTH="228" VPOS="630" HPOS="1100" CONTENT="village" ID="tl_11_10" STYLEREFS="FONT0"/>
            <SP HEIGHT="62" WIDTH="21" VPOS="630" HPOS="1328"/>
            <String HEIGHT="62" WIDTH="207" VPOS="630" HPOS="1266" CONTENT="appelé" ID="tl_11_11" STYLEREFS="FONT0"/>
            <SP HEIGHT="62" WIDTH="21" VPOS="630" HPOS="1474"/>
            <String HEIGHT="62" WIDTH="124" VPOS="630" HPOS="1391" CONTENT="Ros" SUBS_TYPE="HypPart1" SUBS_CONTENT="Rossaux," ID="tl_11_12" STYLEREFS="FONT0"/>
            <HYP CONTENT="-"/>
          </TextLine>
          <TextLine ID="tl_12" BASELINE="745" HEIGHT="62" WIDTH="313" VPOS="683" HPOS="127">
            <String HEIGHT="62" WIDTH="176" VPOS="683" HPOS="107" CONTENT="saux," SUBS_TYPE="HypPart2" SUBS_CONTENT="Rossaux," ID="tl_12_1" STYLEREFS="FONT0"/>
            <SP HEIGHT="62" WIDTH="20" VPOS="683" HPOS="284"/>
            <String HEIGHT="62" WIDTH="176" VPOS="683" HPOS="225" CONTENT="etc.," ID="tl_12_2" STYLEREFS="FONT0"/>
            <SP HEIGHT="62" WIDTH="20" VPOS="683" HPOS="401"/>
            <String HEIGHT="62" WIDTH="117" VPOS="683" HPOS="323" CONTENT="etc." ID="tl_12_3" STYLEREFS="FONT0"/>
          </TextLine>
        </TextBlock>
        <TextBlock ID="r_2_6" HEIGHT="51" WIDTH="1423" VPOS="735" HPOS="85">
          <TextLine ID="tl_13" BASELINE="789" HEIGHT="85" WIDTH="1440" VPOS="704" HPOS="77">
            <String HEIGHT="85" WIDTH="150" VPOS="704" HPOS="58" CONTENT="853." ID="tl_13_1" STYLEREFS="FONT0"/>
            <SP HEIGHT="85" WIDTH="19" VPOS="704" HPOS="208"/>
            <String HEIGHT="85" WIDTH="262" VPOS="704" HPOS="152" CONTENT="Charles" ID="tl_13_2" STYLEREFS="FONT1"/>
            <SP HEIGHT="85" WIDTH="19" VPOS="704" HPOS="414"/>
            <String HEIGHT="85" WIDTH="168" VPOS="704" HPOS="358" CONTENT="X" ID="tl_13_3" STYLEREFS="FONT1"/>
            <SP HEIGHT="85" WIDTH="19" VPOS="704" HPOS="526"/>
            <String HEIGHT="85" WIDTH="131" VPOS="704" HPOS="470" CONTENT="roi" ID="tl_13_4" STYLEREFS="FONT0"/>
            <SP HEIGHT="85" WIDTH="19" VPOS="704" HPOS="601"/>
            <String HEIGHT="85" WIDTH="112" VPOS="704" HPOS="545" CONTENT="de" ID="tl_13_5" STYLEREFS="FONT0"/>
            <SP HEIGHT="85" WIDTH="19" VPOS="704" HPOS="657"/>
            <String HEIGHT="85" WIDTH="206" VPOS="704" HPOS="601" CONTENT="France." ID="tl_13_6" STYLEREFS="FONT0"/>
            <SP HEIGHT="85" WIDTH="19" VPOS="704" HPOS="806"/>
            <String HEIGHT="85" WIDTH="112" VPOS="704" HPOS="750" CONTENT="L." ID="tl_13_7" STYLEREFS="FONT0"/>
            <SP HEIGHT="85" WIDTH="19" VPOS="704" HPOS="862"/>
            <String HEIGHT="85" WIDTH="150" VPOS="704" HPOS="806" CONTENT="aut." ID="tl_13_8" STYLEREFS="FONT0"/>
            <SP HEIGHT="85" WIDTH="19" VPOS="704" HPOS="956"/>
            <String HEIGHT="85" WIDTH="150" VPOS="704" HPOS="900" CONTENT="sig." ID="tl_13_9" STYLEREFS="FONT0"/>
            <SP HEIGHT="85" WIDTH="19" VPOS="704" HPOS="1049"/>
            <String HEIGHT="85" WIDTH="542" VPOS="704" HPOS="993" CONTENT="Charles-Philippe," ID="tl_13_10" STYLEREFS="FONT2"/>
            <SP HEIGHT="85" WIDTH="19" VPOS="704" HPOS="1536"/>
            <String HEIGHT="85" WIDTH="56" VPOS="704" HPOS="1461" CONTENT="à" ID="tl_13_11" STYLEREFS="FONT0"/>
          </TextLine>
        </TextBlock>
        <TextBlock ID="r_2_7" HEIGHT="50" WIDTH="1375" VPOS="783" HPOS="133">
          <TextLine ID="tl_14" BASELINE="835" HEIGHT="54" WIDTH="1391" VPOS="781" HPOS="125">
            <String HEIGHT="54" WIDTH="161" VPOS="781" HPOS="98" CONTENT="M." ID="tl_14_1" STYLEREFS="FONT0"/>
            <SP HEIGHT="54" WIDTH="27" VPOS="781" HPOS="259"/>
            <String HEIGHT="54" WIDTH="161" VPOS="781" HPOS="179" CONTENT="de" ID="tl_14_2" STYLEREFS="FONT0"/>
            <SP HEIGHT="54" WIDTH="27" VPOS="781" HPOS="339"/>
            <String HEIGHT="54" WIDTH="268" VPOS="781" HPOS="259" CONTENT="Vérac." ID="tl_14_3" STYLEREFS="FONT0"/>
            <SP HEIGHT="54" WIDTH="27" VPOS="781" HPOS="526"/>
            <String HEIGHT="54" WIDTH="268" VPOS="781" HPOS="446" CONTENT="Paris," ID="tl_14_4" STYLEREFS="FONT0"/>
            <SP HEIGHT="54" WIDTH="27" VPOS="781" HPOS="714"/>
            <String HEIGHT="54" WIDTH="161" VPOS="781" HPOS="633" CONTENT="19" ID="tl_14_5" STYLEREFS="FONT0"/>
            <SP HEIGHT="54" WIDTH="27" VPOS="781" HPOS="794"/>
            <String HEIGHT="54" WIDTH="214" VPOS="781" HPOS="714" CONTENT="mars" ID="tl_14_6" STYLEREFS="FONT0"/>
            <SP HEIGHT="54" WIDTH="27" VPOS="781" HPOS="928"/>
            <String HEIGHT="54" WIDTH="161" VPOS="781" HPOS="847" CONTENT="au" ID="tl_14_7" STYLEREFS="FONT0"/>
            <SP HEIGHT="54" WIDTH="27" VPOS="781" HPOS="1008"/>
            <String HEIGHT="54" WIDTH="241" VPOS="781" HPOS="928" CONTENT="soir." ID="tl_14_8" STYLEREFS="FONT0"/>
            <SP HEIGHT="54" WIDTH="27" VPOS="781" HPOS="1168"/>
            <String HEIGHT="54" WIDTH="134" VPOS="781" HPOS="1088" CONTENT="1" ID="tl_14_9" STYLEREFS="FONT0"/>
            <SP HEIGHT="54" WIDTH="27" VPOS="781" HPOS="1222"/>
            <String HEIGHT="54" WIDTH="161" VPOS="781" HPOS="1142" CONTENT="p." ID="tl_14_10" STYLEREFS="FONT0"/>
            <SP HEIGHT="54" WIDTH="27" VPOS="781" HPOS="1302"/>
            <String HEIGHT="54" WIDTH="241" VPOS="781" HPOS="1222" CONTENT="in-4." ID="tl_14_11" STYLEREFS="FONT0"/>
            <SP HEIGHT="54" WIDTH="27" VPOS="781" HPOS="1463"/>
            <String HEIGHT="54" WIDTH="134" VPOS="781" HPOS="1382" CONTENT="8" ID="tl_14_12" STYLEREFS="FONT0"/>
            <SP HEIGHT="54" WIDTH="27" VPOS="781" HPOS="1516"/>
            <String HEIGHT="54" WIDTH="107" VPOS="781" HPOS="1409" CONTENT="50" ID="tl_14_13" STYLEREFS="FONT0"/>
          </TextLine>
        </TextBlock>
        <TextBlock ID="r_2_8" HEIGHT="50" WIDTH="1421" VPOS="831" HPOS="84">
          <TextLine ID="tl_15" BASELINE="887" HEIGHT="80" WIDTH="1437" VPOS="807" HPOS="76">
            <String HEIGHT="80" WIDTH="174" VPOS="807" HPOS="54" CONTENT="854." ID="tl_15_1" STYLEREFS="FONT0"/>
            <SP HEIGHT="80" WIDTH="22" VPOS="807" HPOS="228"/>
            <String HEIGHT="80" WIDTH="479" VPOS="807" HPOS="163" CONTENT="Charles-Emanuel" ID="tl_15_2" STYLEREFS="FONT1"/>
            <SP HEIGHT="80" WIDTH="22" VPOS="807" HPOS="642"/>
            <String HEIGHT="80" WIDTH="174" VPOS="807" HPOS="577" CONTENT="Ier," ID="tl_15_3" STYLEREFS="FONT1"/>
            <SP HEIGHT="80" WIDTH="22" VPOS="807" HPOS="751"/>
            <String HEIGHT="80" WIDTH="152" VPOS="807" HPOS="686" CONTENT="duc" ID="tl_15_4" STYLEREFS="FONT1"/>
            <SP HEIGHT="80" WIDTH="22" VPOS="807" HPOS="838"/>
            <String HEIGHT="80" WIDTH="131" VPOS="807" HPOS="773" CONTENT="de" ID="tl_15_5" STYLEREFS="FONT1"/>
            <SP HEIGHT="80" WIDTH="22" VPOS="807" HPOS="903"/>
            <String HEIGHT="80" WIDTH="327" VPOS="807" HPOS="838" CONTENT="Savoie," ID="tl_15_6" STYLEREFS="FONT1"/>
            <SP HEIGHT="80" WIDTH="22" VPOS="807" HPOS="1165"/>
            <String HEIGHT="80" WIDTH="174" VPOS="807" HPOS="1099" CONTENT="fils" ID="tl_15_7" STYLEREFS="FONT0"/>
            <SP HEIGHT="80" WIDTH="22" VPOS="807" HPOS="1274"/>
            <String HEIGHT="80" WIDTH="327" VPOS="807" HPOS="1186" CONTENT="d'Ema" ID="tl_15_8" STYLEREFS="FONT2"/>
          </TextLine>
        </TextBlock>
        <TextBlock ID="r_2_9" HEIGHT="100" WIDTH="1375" VPOS="879" HPOS="131">
          <TextLine ID="tl_16" BASELINE="924" HEIGHT="54" WIDTH="1391" VPOS="870" HPOS="122">
            <String HEIGHT="54" WIDTH="489" VPOS="870" HPOS="103" CONTENT="nuel-Philibert" ID="tl_16_1" STYLEREFS="FONT2"/>
            <SP HEIGHT="54" WIDTH="19" VPOS="870" HPOS="592"/>
            <String HEIGHT="54" WIDTH="113" VPOS="870" HPOS="536" CONTENT="L." ID="tl_16_2" STYLEREFS="FONT0"/>
            <SP HEIGHT="54" WIDTH="19" VPOS="870" HPOS="648"/>
            <String HEIGHT="54" WIDTH="150" VPOS="870" HPOS="592" CONTENT="aut." ID="tl_16_3" STYLEREFS="FONT0"/>
            <SP HEIGHT="54" WIDTH="19" VPOS="870" HPOS="742"/>
            <String HEIGHT="54" WIDTH="150" VPOS="870" HPOS="686" CONTENT="sig." ID="tl_16_4" STYLEREFS="FONT0"/>
            <SP HEIGHT="54" WIDTH="19" VPOS="870" HPOS="836"/>
            <String HEIGHT="54" WIDTH="132" VPOS="870" HPOS="780" CONTENT="(en" ID="tl_16_5" STYLEREFS="FONT0"/>
            <SP HEIGHT="54" WIDTH="19" VPOS="870" HPOS="911"/>
            <String HEIGHT="54" WIDTH="244" VPOS="870" HPOS="855" CONTENT="italien)," ID="tl_16_6" STYLEREFS="FONT0"/>
            <SP HEIGHT="54" WIDTH="19" VPOS="870" HPOS="1099"/>
            <String HEIGHT="54" WIDTH="94" VPOS="870" HPOS="1043" CONTENT="à" ID="tl_16_7" STYLEREFS="FONT0"/>
            <SP HEIGHT="54" WIDTH="19" VPOS="870" HPOS="1137"/>
            <String HEIGHT="54" WIDTH="244" VPOS="870" HPOS="1081" CONTENT="l’infanta" ID="tl_16_8" STYLEREFS="FONT0"/>
            <SP HEIGHT="54" WIDTH="19" VPOS="870" HPOS="1325"/>
            <String HEIGHT="54" WIDTH="263" VPOS="870" HPOS="1250" CONTENT="segnora....»" ID="tl_16_9" STYLEREFS="FONT0"/>
          </TextLine>
          <TextLine ID="tl_17" BASELINE="974" HEIGHT="59" WIDTH="1319" VPOS="915" HPOS="126">
            <String HEIGHT="59" WIDTH="274" VPOS="915" HPOS="101" CONTENT="Octobre" ID="tl_17_1" STYLEREFS="FONT0"/>
            <SP HEIGHT="59" WIDTH="25" VPOS="915" HPOS="375"/>
            <String HEIGHT="59" WIDTH="224" VPOS="915" HPOS="300" CONTENT="1588." ID="tl_17_2" STYLEREFS="FONT0"/>
            <SP HEIGHT="59" WIDTH="25" VPOS="915" HPOS="524"/>
            <String HEIGHT="59" WIDTH="124" VPOS="915" HPOS="450" CONTENT="1" ID="tl_17_3" STYLEREFS="FONT0"/>
            <SP HEIGHT="59" WIDTH="25" VPOS="915" HPOS="574"/>
            <String HEIGHT="59" WIDTH="174" VPOS="915" HPOS="499" CONTENT="gr." ID="tl_17_4" STYLEREFS="FONT0"/>
            <SP HEIGHT="59" WIDTH="25" VPOS="915" HPOS="674"/>
            <String HEIGHT="59" WIDTH="149" VPOS="915" HPOS="599" CONTENT="p." ID="tl_17_5" STYLEREFS="FONT0"/>
            <SP HEIGHT="59" WIDTH="25" VPOS="915" HPOS="748"/>
            <String HEIGHT="59" WIDTH="174" VPOS="915" HPOS="674" CONTENT="pl." ID="tl_17_6" STYLEREFS="FONT0"/>
            <SP HEIGHT="59" WIDTH="25" VPOS="915" HPOS="848"/>
            <String HEIGHT="59" WIDTH="274" VPOS="915" HPOS="773" CONTENT="in-fol." ID="tl_17_7" STYLEREFS="FONT0"/>
            <SP HEIGHT="59" WIDTH="25" VPOS="915" HPOS="1047"/>
            <String HEIGHT="59" WIDTH="274" VPOS="915" HPOS="972" CONTENT="Superbe" ID="tl_17_8" STYLEREFS="FONT0"/>
            <SP HEIGHT="59" WIDTH="25" VPOS="915" HPOS="1246"/>
            <String HEIGHT="59" WIDTH="274" VPOS="915" HPOS="1171" CONTENT="lettre." ID="tl_17_9" STYLEREFS="FONT0"/>
            <SP HEIGHT="59" WIDTH="25" VPOS="915" HPOS="1445"/>
            <String HEIGHT="59" WIDTH="100" VPOS="915" HPOS="1345" CONTENT="20" ID="tl_17_10" STYLEREFS="FONT0"/>
          </TextLine>
        </TextBlock>
        <TextBlock ID="r_2_10" HEIGHT="49" WIDTH="1425" VPOS="975" HPOS="85">
          <TextLine ID="tl_18" BASELINE="1025" HEIGHT="77" WIDTH="1442" VPOS="948" HPOS="77">
            <String HEIGHT="77" WIDTH="175" VPOS="948" HPOS="55" CONTENT="855." ID="tl_18_1" STYLEREFS="FONT0"/>
            <SP HEIGHT="77" WIDTH="22" VPOS="948" HPOS="230"/>
            <String HEIGHT="77" WIDTH="524" VPOS="948" HPOS="164" CONTENT="Chateaubriand" ID="tl_18_2" STYLEREFS="FONT1"/>
            <SP HEIGHT="77" WIDTH="22" VPOS="948" HPOS="689"/>
            <String HEIGHT="77" WIDTH="153" VPOS="948" HPOS="623" CONTENT="(le" ID="tl_18_3" STYLEREFS="FONT0"/>
            <SP HEIGHT="77" WIDTH="22" VPOS="948" HPOS="776"/>
            <String HEIGHT="77" WIDTH="240" VPOS="948" HPOS="711" CONTENT="vicomte" ID="tl_18_4" STYLEREFS="FONT0"/>
            <SP HEIGHT="77" WIDTH="22" VPOS="948" HPOS="951"/>
            <String HEIGHT="77" WIDTH="175" VPOS="948" HPOS="885" CONTENT="de)," ID="tl_18_5" STYLEREFS="FONT0"/>
            <SP HEIGHT="77" WIDTH="22" VPOS="948" HPOS="1060"/>
            <String HEIGHT="77" WIDTH="262" VPOS="948" HPOS="995" CONTENT="ministre" ID="tl_18_6" STYLEREFS="FONT0"/>
            <SP HEIGHT="77" WIDTH="22" VPOS="948" HPOS="1257"/>
            <String HEIGHT="77" WIDTH="240" VPOS="948" HPOS="1191" CONTENT="d’Etat," ID="tl_18_7" STYLEREFS="FONT0"/>
            <SP HEIGHT="77" WIDTH="22" VPOS="948" HPOS="1432"/>
            <String HEIGHT="77" WIDTH="175" VPOS="948" HPOS="1344" CONTENT="membre" ID="tl_18_8" STYLEREFS="FONT0"/>
          </TextLine>
        </TextBlock>
        <TextBlock ID="r_2_11" HEIGHT="97" WIDTH="1373" VPOS="1023" HPOS="133">
          <TextLine ID="tl_19" BASELINE="1070" HEIGHT="57" WIDTH="1386" VPOS="1013" HPOS="124">
            <String HEIGHT="57" WIDTH="134" VPOS="1013" HPOS="102" CONTENT="de" ID="tl_19_1" STYLEREFS="FONT0"/>
            <SP HEIGHT="57" WIDTH="22" VPOS="1013" HPOS="236"/>
            <String HEIGHT="57" WIDTH="313" VPOS="1013" HPOS="169" CONTENT="l’Académie" ID="tl_19_2" STYLEREFS="FONT0"/>
            <SP HEIGHT="57" WIDTH="22" VPOS="1013" HPOS="482"/>
            <String HEIGHT="57" WIDTH="313" VPOS="1013" HPOS="415" CONTENT="française." ID="tl_19_3" STYLEREFS="FONT0"/>
            <SP HEIGHT="57" WIDTH="22" VPOS="1013" HPOS="728"/>
            <String HEIGHT="57" WIDTH="134" VPOS="1013" HPOS="661" CONTENT="L." ID="tl_19_4" STYLEREFS="FONT0"/>
            <SP HEIGHT="57" WIDTH="22" VPOS="1013" HPOS="795"/>
            <String HEIGHT="57" WIDTH="179" VPOS="1013" HPOS="728" CONTENT="aut." ID="tl_19_5" STYLEREFS="FONT0"/>
            <SP HEIGHT="57" WIDTH="22" VPOS="1013" HPOS="906"/>
            <String HEIGHT="57" WIDTH="201" VPOS="1013" HPOS="839" CONTENT="sig.," ID="tl_19_6" STYLEREFS="FONT0"/>
            <SP HEIGHT="57" WIDTH="22" VPOS="1013" HPOS="1041"/>
            <String HEIGHT="57" WIDTH="112" VPOS="1013" HPOS="973" CONTENT="à" ID="tl_19_7" STYLEREFS="FONT0"/>
            <SP HEIGHT="57" WIDTH="22" VPOS="1013" HPOS="1085"/>
            <String HEIGHT="57" WIDTH="134" VPOS="1013" HPOS="1018" CONTENT="M." ID="tl_19_8" STYLEREFS="FONT0"/>
            <SP HEIGHT="57" WIDTH="22" VPOS="1013" HPOS="1152"/>
            <String HEIGHT="57" WIDTH="291" VPOS="1013" HPOS="1085" CONTENT="Alexandre" ID="tl_19_9" STYLEREFS="FONT0"/>
            <SP HEIGHT="57" WIDTH="22" VPOS="1013" HPOS="1376"/>
            <String HEIGHT="57" WIDTH="224" VPOS="1013" HPOS="1286" CONTENT="Guirand." ID="tl_19_10" STYLEREFS="FONT0"/>
          </TextLine>
          <TextLine ID="tl_20" BASELINE="1122" HEIGHT="60" WIDTH="1389" VPOS="1062" HPOS="125">
            <String HEIGHT="60" WIDTH="283" VPOS="1062" HPOS="97" CONTENT="Paris," ID="tl_20_1" STYLEREFS="FONT0"/>
            <SP HEIGHT="60" WIDTH="28" VPOS="1062" HPOS="380"/>
            <String HEIGHT="60" WIDTH="170" VPOS="1062" HPOS="295" CONTENT="15" ID="tl_20_2" STYLEREFS="FONT0"/>
            <SP HEIGHT="60" WIDTH="28" VPOS="1062" HPOS="465"/>
            <String HEIGHT="60" WIDTH="255" VPOS="1062" HPOS="380" CONTENT="avril" ID="tl_20_3" STYLEREFS="FONT0"/>
            <SP HEIGHT="60" WIDTH="28" VPOS="1062" HPOS="635"/>
            <String HEIGHT="60" WIDTH="255" VPOS="1062" HPOS="550" CONTENT="1835." ID="tl_20_4" STYLEREFS="FONT0"/>
            <SP HEIGHT="60" WIDTH="28" VPOS="1062" HPOS="805"/>
            <String HEIGHT="60" WIDTH="142" VPOS="1062" HPOS="720" CONTENT="2" ID="tl_20_5" STYLEREFS="FONT0"/>
            <SP HEIGHT="60" WIDTH="28" VPOS="1062" HPOS="862"/>
            <String HEIGHT="60" WIDTH="170" VPOS="1062" HPOS="777" CONTENT="p." ID="tl_20_6" STYLEREFS="FONT0"/>
            <SP HEIGHT="60" WIDTH="28" VPOS="1062" HPOS="947"/>
            <String HEIGHT="60" WIDTH="198" VPOS="1062" HPOS="862" CONTENT="pl." ID="tl_20_7" STYLEREFS="FONT0"/>
            <SP HEIGHT="60" WIDTH="28" VPOS="1062" HPOS="1060"/>
            <String HEIGHT="60" WIDTH="170" VPOS="1062" HPOS="975" CONTENT="et" ID="tl_20_8" STYLEREFS="FONT0"/>
            <SP HEIGHT="60" WIDTH="28" VPOS="1062" HPOS="1145"/>
            <String HEIGHT="60" WIDTH="255" VPOS="1062" HPOS="1060" CONTENT="demie" ID="tl_20_9" STYLEREFS="FONT0"/>
            <SP HEIGHT="60" WIDTH="28" VPOS="1062" HPOS="1316"/>
            <String HEIGHT="60" WIDTH="255" VPOS="1062" HPOS="1231" CONTENT="in-8." ID="tl_20_10" STYLEREFS="FONT0"/>
            <SP HEIGHT="60" WIDTH="28" VPOS="1062" HPOS="1486"/>
            <String HEIGHT="60" WIDTH="142" VPOS="1062" HPOS="1401" CONTENT="6" ID="tl_20_11" STYLEREFS="FONT0"/>
            <SP HEIGHT="60" WIDTH="28" VPOS="1062" HPOS="1542"/>
            <String HEIGHT="60" WIDTH="85" VPOS="1062" HPOS="1429" CONTENT="»" ID="tl_20_12" STYLEREFS="FONT0"/>
          </TextLine>
        </TextBlock>
        <TextBlock ID="r_2_12" HEIGHT="39" WIDTH="1301" VPOS="1119" HPOS="204">
          <TextLine ID="tl_21" BASELINE="1162" HEIGHT="52" WIDTH="1318" VPOS="1110" HPOS="195">
            <String HEIGHT="52" WIDTH="173" VPOS="1110" HPOS="178" CONTENT="Lettre" ID="tl_21_1" STYLEREFS="FONT0"/>
            <SP HEIGHT="52" WIDTH="17" VPOS="1110" HPOS="351"/>
            <String HEIGHT="52" WIDTH="277" VPOS="1110" HPOS="299" CONTENT="intéressante" ID="tl_21_2" STYLEREFS="FONT0"/>
            <SP HEIGHT="52" WIDTH="17" VPOS="1110" HPOS="577"/>
            <String HEIGHT="52" WIDTH="87" VPOS="1110" HPOS="525" CONTENT="à" ID="tl_21_3" STYLEREFS="FONT0"/>
            <SP HEIGHT="52" WIDTH="17" VPOS="1110" HPOS="611"/>
            <String HEIGHT="52" WIDTH="243" VPOS="1110" HPOS="559" CONTENT="l’occasion" ID="tl_21_4" STYLEREFS="FONT0"/>
            <SP HEIGHT="52" WIDTH="17" VPOS="1110" HPOS="802"/>
            <String HEIGHT="52" WIDTH="104" VPOS="1110" HPOS="750" CONTENT="de" ID="tl_21_5" STYLEREFS="FONT0"/>
            <SP HEIGHT="52" WIDTH="17" VPOS="1110" HPOS="854"/>
            <String HEIGHT="52" WIDTH="312" VPOS="1110" HPOS="802" CONTENT="Flavien" ID="tl_21_6" STYLEREFS="FONT2"/>
            <SP HEIGHT="52" WIDTH="17" VPOS="1110" HPOS="1114"/>
            <String HEIGHT="52" WIDTH="104" VPOS="1110" HPOS="1062" CONTENT="ou" ID="tl_21_7" STYLEREFS="FONT0"/>
            <SP HEIGHT="52" WIDTH="17" VPOS="1110" HPOS="1166"/>
            <String HEIGHT="52" WIDTH="191" VPOS="1110" HPOS="1114" CONTENT="Rome" ID="tl_21_8" STYLEREFS="FONT2"/>
            <SP HEIGHT="52" WIDTH="17" VPOS="1110" HPOS="1305"/>
            <String HEIGHT="52" WIDTH="104" VPOS="1110" HPOS="1253" CONTENT="au" ID="tl_21_9" STYLEREFS="FONT2"/>
            <SP HEIGHT="52" WIDTH="17" VPOS="1110" HPOS="1357"/>
            <String HEIGHT="52" WIDTH="225" VPOS="1110" HPOS="1288" CONTENT="Désert" ID="tl_21_10" STYLEREFS="FONT2"/>
          </TextLine>
        </TextBlock>
        <TextBlock ID="r_2_13" HEIGHT="52" WIDTH="1424" VPOS="1166" HPOS="85">
          <TextLine ID="tl_22" BASELINE="1225" HEIGHT="63" WIDTH="1439" VPOS="1162" HPOS="78">
            <String HEIGHT="63" WIDTH="164" VPOS="1162" HPOS="57" CONTENT="856." ID="tl_22_1" STYLEREFS="FONT0"/>
            <SP HEIGHT="63" WIDTH="21" VPOS="1162" HPOS="222"/>
            <String HEIGHT="63" WIDTH="391" VPOS="1162" HPOS="160" CONTENT="Chaudet," ID="tl_22_2" STYLEREFS="FONT1"/>
            <SP HEIGHT="63" WIDTH="21" VPOS="1162" HPOS="551"/>
            <String HEIGHT="63" WIDTH="288" VPOS="1162" HPOS="489" CONTENT="statuaire." ID="tl_22_3" STYLEREFS="FONT0"/>
            <SP HEIGHT="63" WIDTH="21" VPOS="1162" HPOS="777"/>
            <String HEIGHT="63" WIDTH="123" VPOS="1162" HPOS="715" CONTENT="L." ID="tl_22_4" STYLEREFS="FONT0"/>
            <SP HEIGHT="63" WIDTH="21" VPOS="1162" HPOS="839"/>
            <String HEIGHT="63" WIDTH="164" VPOS="1162" HPOS="777" CONTENT="aut." ID="tl_22_5" STYLEREFS="FONT0"/>
            <SP HEIGHT="63" WIDTH="21" VPOS="1162" HPOS="941"/>
            <String HEIGHT="63" WIDTH="185" VPOS="1162" HPOS="880" CONTENT="sig.," ID="tl_22_6" STYLEREFS="FONT0"/>
            <SP HEIGHT="63" WIDTH="21" VPOS="1162" HPOS="1065"/>
            <String HEIGHT="63" WIDTH="123" VPOS="1162" HPOS="1003" CONTENT="au" ID="tl_22_7" STYLEREFS="FONT0"/>
            <SP HEIGHT="63" WIDTH="21" VPOS="1162" HPOS="1126"/>
            <String HEIGHT="63" WIDTH="206" VPOS="1162" HPOS="1065" CONTENT="préfet" ID="tl_22_8" STYLEREFS="FONT0"/>
            <SP HEIGHT="63" WIDTH="21" VPOS="1162" HPOS="1270"/>
            <String HEIGHT="63" WIDTH="123" VPOS="1162" HPOS="1209" CONTENT="du" ID="tl_22_9" STYLEREFS="FONT0"/>
            <SP HEIGHT="63" WIDTH="21" VPOS="1162" HPOS="1332"/>
            <String HEIGHT="63" WIDTH="267" VPOS="1162" HPOS="1250" CONTENT="département" ID="tl_22_10" STYLEREFS="FONT0"/>
          </TextLine>
        </TextBlock>
        <TextBlock ID="r_2_14" HEIGHT="49" WIDTH="1374" VPOS="1214" HPOS="134">
          <TextLine ID="tl_23" BASELINE="1284" HEIGHT="80" WIDTH="1392" VPOS="1204" HPOS="125">
            <String HEIGHT="80" WIDTH="133" VPOS="1204" HPOS="103" CONTENT="de" ID="tl_23_1" STYLEREFS="FONT0"/>
            <SP HEIGHT="80" WIDTH="22" VPOS="1204" HPOS="235"/>
            <String HEIGHT="80" WIDTH="133" VPOS="1204" HPOS="169" CONTENT="la" ID="tl_23_2" STYLEREFS="FONT0"/>
            <SP HEIGHT="80" WIDTH="22" VPOS="1204" HPOS="302"/>
            <String HEIGHT="80" WIDTH="376" VPOS="1204" HPOS="235" CONTENT="Seine" ID="tl_23_3" STYLEREFS="FONT2"/>
            <SP HEIGHT="80" WIDTH="22" VPOS="1204" HPOS="611"/>
            <String HEIGHT="80" WIDTH="221" VPOS="1204" HPOS="545" CONTENT="Paris," ID="tl_23_4" STYLEREFS="FONT0"/>
            <SP HEIGHT="80" WIDTH="22" VPOS="1204" HPOS="766"/>
            <String HEIGHT="80" WIDTH="133" VPOS="1204" HPOS="699" CONTENT="18" ID="tl_23_5" STYLEREFS="FONT0"/>
            <SP HEIGHT="80" WIDTH="22" VPOS="1204" HPOS="832"/>
            <String HEIGHT="80" WIDTH="265" VPOS="1204" HPOS="766" CONTENT="frimaire" ID="tl_23_6" STYLEREFS="FONT0"/>
            <SP HEIGHT="80" WIDTH="22" VPOS="1204" HPOS="1031"/>
            <String HEIGHT="80" WIDTH="133" VPOS="1204" HPOS="965" CONTENT="an" ID="tl_23_7" STYLEREFS="FONT0"/>
            <SP HEIGHT="80" WIDTH="22" VPOS="1204" HPOS="1097"/>
            <String HEIGHT="80" WIDTH="199" VPOS="1204" HPOS="1031" CONTENT="XIII." ID="tl_23_8" STYLEREFS="FONT0"/>
            <SP HEIGHT="80" WIDTH="22" VPOS="1204" HPOS="1230"/>
            <String HEIGHT="80" WIDTH="110" VPOS="1204" HPOS="1163" CONTENT="1" ID="tl_23_9" STYLEREFS="FONT0"/>
            <SP HEIGHT="80" WIDTH="22" VPOS="1204" HPOS="1274"/>
            <String HEIGHT="80" WIDTH="133" VPOS="1204" HPOS="1208" CONTENT="p." ID="tl_23_10" STYLEREFS="FONT0"/>
            <SP HEIGHT="80" WIDTH="22" VPOS="1204" HPOS="1340"/>
            <String HEIGHT="80" WIDTH="199" VPOS="1204" HPOS="1274" CONTENT="in-4." ID="tl_23_11" STYLEREFS="FONT0"/>
            <SP HEIGHT="80" WIDTH="22" VPOS="1204" HPOS="1473"/>
            <String HEIGHT="80" WIDTH="110" VPOS="1204" HPOS="1407" CONTENT="3" ID="tl_23_12" STYLEREFS="FONT0"/>
            <SP HEIGHT="80" WIDTH="22" VPOS="1204" HPOS="1517"/>
            <String HEIGHT="80" WIDTH="88" VPOS="1204" HPOS="1429" CONTENT="50" ID="tl_23_13" STYLEREFS="FONT0"/>
          </TextLine>
        </TextBlock>
        <TextBlock ID="r_2_15" HEIGHT="48" WIDTH="824" VPOS="1263" HPOS="204">
          <TextLine ID="tl_24" BASELINE="1308" HEIGHT="53" WIDTH="839" VPOS="1255" HPOS="197">
            <String HEIGHT="53" WIDTH="189" VPOS="1255" HPOS="176" CONTENT="Envoi" ID="tl_24_1" STYLEREFS="FONT0"/>
            <SP HEIGHT="53" WIDTH="21" VPOS="1255" HPOS="365"/>
            <String HEIGHT="53" WIDTH="168" VPOS="1255" HPOS="302" CONTENT="d’un" ID="tl_24_2" STYLEREFS="FONT0"/>
            <SP HEIGHT="53" WIDTH="21" VPOS="1255" HPOS="470"/>
            <String HEIGHT="53" WIDTH="189" VPOS="1255" HPOS="407" CONTENT="buste" ID="tl_24_3" STYLEREFS="FONT0"/>
            <SP HEIGHT="53" WIDTH="21" VPOS="1255" HPOS="596"/>
            <String HEIGHT="53" WIDTH="126" VPOS="1255" HPOS="533" CONTENT="de" ID="tl_24_4" STYLEREFS="FONT0"/>
            <SP HEIGHT="53" WIDTH="21" VPOS="1255" HPOS="658"/>
            <String HEIGHT="53" WIDTH="126" VPOS="1255" HPOS="596" CONTENT="S." ID="tl_24_5" STYLEREFS="FONT0"/>
            <SP HEIGHT="53" WIDTH="21" VPOS="1255" HPOS="721"/>
            <String HEIGHT="53" WIDTH="126" VPOS="1255" HPOS="658" CONTENT="M." ID="tl_24_6" STYLEREFS="FONT0"/>
            <SP HEIGHT="53" WIDTH="21" VPOS="1255" HPOS="784"/>
            <String HEIGHT="53" WIDTH="336" VPOS="1255" HPOS="700" CONTENT="l’Impératrice." ID="tl_24_7" STYLEREFS="FONT0"/>
          </TextLine>
        </TextBlock>
        <TextBlock ID="r_2_16" HEIGHT="51" WIDTH="1416" VPOS="1310" HPOS="85">
          <TextLine ID="tl_25" BASELINE="1366" HEIGHT="73" WIDTH="1433" VPOS="1293" HPOS="76">
            <String HEIGHT="73" WIDTH="151" VPOS="1293" HPOS="57" CONTENT="857." ID="tl_25_1" STYLEREFS="FONT0"/>
            <SP HEIGHT="73" WIDTH="19" VPOS="1293" HPOS="208"/>
            <String HEIGHT="73" WIDTH="358" VPOS="1293" HPOS="151" CONTENT="Chaudon," ID="tl_25_2" STYLEREFS="FONT1"/>
            <SP HEIGHT="73" WIDTH="19" VPOS="1293" HPOS="510"/>
            <String HEIGHT="73" WIDTH="189" VPOS="1293" HPOS="453" CONTENT="auteur" ID="tl_25_3" STYLEREFS="FONT0"/>
            <SP HEIGHT="73" WIDTH="19" VPOS="1293" HPOS="642"/>
            <String HEIGHT="73" WIDTH="170" VPOS="1293" HPOS="585" CONTENT="(avec" ID="tl_25_4" STYLEREFS="FONT0"/>
            <SP HEIGHT="73" WIDTH="19" VPOS="1293" HPOS="755"/>
            <String HEIGHT="73" WIDTH="226" VPOS="1293" HPOS="698" CONTENT="Landine)" ID="tl_25_5" STYLEREFS="FONT0"/>
            <SP HEIGHT="73" WIDTH="19" VPOS="1293" HPOS="924"/>
            <String HEIGHT="73" WIDTH="113" VPOS="1293" HPOS="868" CONTENT="du" ID="tl_25_6" STYLEREFS="FONT0"/>
            <SP HEIGHT="73" WIDTH="19" VPOS="1293" HPOS="981"/>
            <String HEIGHT="73" WIDTH="490" VPOS="1293" HPOS="924" CONTENT="Dictionnaire.." ID="tl_25_7" STYLEREFS="FONT2"/>
            <SP HEIGHT="73" WIDTH="19" VPOS="1293" HPOS="1415"/>
            <String HEIGHT="73" WIDTH="113" VPOS="1293" HPOS="1358" CONTENT="L." ID="tl_25_8" STYLEREFS="FONT0"/>
            <SP HEIGHT="73" WIDTH="19" VPOS="1293" HPOS="1471"/>
            <String HEIGHT="73" WIDTH="113" VPOS="1293" HPOS="1396" CONTENT="aut." ID="tl_25_9" STYLEREFS="FONT0"/>
          </TextLine>
        </TextBlock>
        <TextBlock ID="r_2_17" HEIGHT="50" WIDTH="1378" VPOS="1358" HPOS="132">
          <TextLine ID="tl_26" BASELINE="1419" HEIGHT="62" WIDTH="1395" VPOS="1357" HPOS="123">
            <String HEIGHT="62" WIDTH="248" VPOS="1357" HPOS="92" CONTENT="sig." ID="tl_26_1" STYLEREFS="FONT0"/>
            <SP HEIGHT="62" WIDTH="31" VPOS="1357" HPOS="340"/>
            <String HEIGHT="62" WIDTH="310" VPOS="1357" HPOS="247" CONTENT="Paris," ID="tl_26_2" STYLEREFS="FONT0"/>
            <SP HEIGHT="62" WIDTH="31" VPOS="1357" HPOS="557"/>
            <String HEIGHT="62" WIDTH="186" VPOS="1357" HPOS="464" CONTENT="20" ID="tl_26_3" STYLEREFS="FONT0"/>
            <SP HEIGHT="62" WIDTH="31" VPOS="1357" HPOS="650"/>
            <String HEIGHT="62" WIDTH="341" VPOS="1357" HPOS="557" CONTENT="ventôse" ID="tl_26_4" STYLEREFS="FONT0"/>
            <SP HEIGHT="62" WIDTH="31" VPOS="1357" HPOS="898"/>
            <String HEIGHT="62" WIDTH="186" VPOS="1357" HPOS="805" CONTENT="an" ID="tl_26_5" STYLEREFS="FONT0"/>
            <SP HEIGHT="62" WIDTH="31" VPOS="1357" HPOS="991"/>
            <String HEIGHT="62" WIDTH="217" VPOS="1357" HPOS="898" CONTENT="IX." ID="tl_26_6" STYLEREFS="FONT0"/>
            <SP HEIGHT="62" WIDTH="31" VPOS="1357" HPOS="1115"/>
            <String HEIGHT="62" WIDTH="155" VPOS="1357" HPOS="1022" CONTENT="1" ID="tl_26_7" STYLEREFS="FONT0"/>
            <SP HEIGHT="62" WIDTH="31" VPOS="1357" HPOS="1177"/>
            <String HEIGHT="62" WIDTH="186" VPOS="1357" HPOS="1084" CONTENT="p." ID="tl_26_8" STYLEREFS="FONT0"/>
            <SP HEIGHT="62" WIDTH="31" VPOS="1357" HPOS="1270"/>
            <String HEIGHT="62" WIDTH="279" VPOS="1357" HPOS="1177" CONTENT="in-4." ID="tl_26_9" STYLEREFS="FONT0"/>
            <SP HEIGHT="62" WIDTH="31" VPOS="1357" HPOS="1456"/>
            <String HEIGHT="62" WIDTH="155" VPOS="1357" HPOS="1363" CONTENT="2" ID="tl_26_10" STYLEREFS="FONT0"/>
            <SP HEIGHT="62" WIDTH="31" VPOS="1357" HPOS="1518"/>
            <String HEIGHT="62" WIDTH="124" VPOS="1357" HPOS="1394" CONTENT="50" ID="tl_26_11" STYLEREFS="FONT0"/>
          </TextLine>
        </TextBlock>
        <TextBlock ID="r_2_18" HEIGHT="99" WIDTH="1371" VPOS="1405" HPOS="134">
          <TextLine ID="tl_27" BASELINE="1451" HEIGHT="57" WIDTH="1316" VPOS="1394" HPOS="197">
            <String HEIGHT="57" WIDTH="134" VPOS="1394" HPOS="175" CONTENT="Il" ID="tl_27_1" STYLEREFS="FONT0"/>
            <SP HEIGHT="57" WIDTH="22" VPOS="1394" HPOS="309"/>
            <String HEIGHT="57" WIDTH="156" VPOS="1394" HPOS="242" CONTENT="n’a" ID="tl_27_2" STYLEREFS="FONT0"/>
            <SP HEIGHT="57" WIDTH="22" VPOS="1394" HPOS="398"/>
            <String HEIGHT="57" WIDTH="178" VPOS="1394" HPOS="331" CONTENT="rien" ID="tl_27_3" STYLEREFS="FONT0"/>
            <SP HEIGHT="57" WIDTH="22" VPOS="1394" HPOS="509"/>
            <String HEIGHT="57" WIDTH="223" VPOS="1394" HPOS="442" CONTENT="trouvé" ID="tl_27_4" STYLEREFS="FONT0"/>
            <SP HEIGHT="57" WIDTH="22" VPOS="1394" HPOS="665"/>
            <String HEIGHT="57" WIDTH="134" VPOS="1394" HPOS="598" CONTENT="ni" ID="tl_27_5" STYLEREFS="FONT0"/>
            <SP HEIGHT="57" WIDTH="22" VPOS="1394" HPOS="732"/>
            <String HEIGHT="57" WIDTH="178" VPOS="1394" HPOS="665" CONTENT="dans" ID="tl_27_6" STYLEREFS="FONT0"/>
            <SP HEIGHT="57" WIDTH="22" VPOS="1394" HPOS="844"/>
            <String HEIGHT="57" WIDTH="268" VPOS="1394" HPOS="777" CONTENT="Nicéron," ID="tl_27_7" STYLEREFS="FONT0"/>
            <SP HEIGHT="57" WIDTH="22" VPOS="1394" HPOS="1045"/>
            <String HEIGHT="57" WIDTH="134" VPOS="1394" HPOS="978" CONTENT="ni" ID="tl_27_8" STYLEREFS="FONT0"/>
            <SP HEIGHT="57" WIDTH="22" VPOS="1394" HPOS="1112"/>
            <String HEIGHT="57" WIDTH="178" VPOS="1394" HPOS="1045" CONTENT="dans" ID="tl_27_9" STYLEREFS="FONT0"/>
            <SP HEIGHT="57" WIDTH="22" VPOS="1394" HPOS="1223"/>
            <String HEIGHT="57" WIDTH="245" VPOS="1394" HPOS="1156" CONTENT="Moréri," ID="tl_27_10" STYLEREFS="FONT0"/>
            <SP HEIGHT="57" WIDTH="22" VPOS="1394" HPOS="1401"/>
            <String HEIGHT="57" WIDTH="134" VPOS="1394" HPOS="1335" CONTENT="ni" ID="tl_27_11" STYLEREFS="FONT0"/>
            <SP HEIGHT="57" WIDTH="22" VPOS="1394" HPOS="1468"/>
            <String HEIGHT="57" WIDTH="134" VPOS="1394" HPOS="1379" CONTENT="dans" ID="tl_27_12" STYLEREFS="FONT0"/>
          </TextLine>
          <TextLine ID="tl_28" BASELINE="1505" HEIGHT="57" WIDTH="911" VPOS="1448" HPOS="126">
            <String HEIGHT="57" WIDTH="219" VPOS="1448" HPOS="108" CONTENT="d’autres" ID="tl_28_1" STYLEREFS="FONT0"/>
            <SP HEIGHT="57" WIDTH="18" VPOS="1448" HPOS="326"/>
            <String HEIGHT="57" WIDTH="255" VPOS="1448" HPOS="272" CONTENT="biographes" ID="tl_28_2" STYLEREFS="FONT0"/>
            <SP HEIGHT="57" WIDTH="18" VPOS="1448" HPOS="527"/>
            <String HEIGHT="57" WIDTH="128" VPOS="1448" HPOS="472" CONTENT="sur" ID="tl_28_3" STYLEREFS="FONT0"/>
            <SP HEIGHT="57" WIDTH="18" VPOS="1448" HPOS="600"/>
            <String HEIGHT="57" WIDTH="219" VPOS="1448" HPOS="545" CONTENT="l’obscur" ID="tl_28_4" STYLEREFS="FONT0"/>
            <SP HEIGHT="57" WIDTH="18" VPOS="1448" HPOS="764"/>
            <String HEIGHT="57" WIDTH="346" VPOS="1448" HPOS="691" CONTENT="Costrabad" ID="tl_28_5" STYLEREFS="FONT2"/>
          </TextLine>
        </TextBlock>
        <TextBlock ID="r_2_19" HEIGHT="50" WIDTH="1421" VPOS="1500" HPOS="86">
          <TextLine ID="tl_29" BASELINE="1555" HEIGHT="93" WIDTH="1435" VPOS="1462" HPOS="79">
            <String HEIGHT="93" WIDTH="164" VPOS="1462" HPOS="59" CONTENT="858." ID="tl_29_1" STYLEREFS="FONT0"/>
            <SP HEIGHT="93" WIDTH="21" VPOS="1462" HPOS="223"/>
            <String HEIGHT="93" WIDTH="410" VPOS="1462" HPOS="161" CONTENT="Chaussier" ID="tl_29_2" STYLEREFS="FONT1"/>
            <SP HEIGHT="93" WIDTH="21" VPOS="1462" HPOS="571"/>
            <String HEIGHT="93" WIDTH="205" VPOS="1462" HPOS="510" CONTENT="(Fr.)," ID="tl_29_3" STYLEREFS="FONT0"/>
            <SP HEIGHT="93" WIDTH="21" VPOS="1462" HPOS="715"/>
            <String HEIGHT="93" WIDTH="226" VPOS="1462" HPOS="653" CONTENT="médecin" ID="tl_29_4" STYLEREFS="FONT0"/>
            <SP HEIGHT="93" WIDTH="21" VPOS="1462" HPOS="879"/>
            <String HEIGHT="93" WIDTH="123" VPOS="1462" HPOS="817" CONTENT="en" ID="tl_29_5" STYLEREFS="FONT0"/>
            <SP HEIGHT="93" WIDTH="21" VPOS="1462" HPOS="940"/>
            <String HEIGHT="93" WIDTH="164" VPOS="1462" HPOS="879" CONTENT="chef" ID="tl_29_6" STYLEREFS="FONT0"/>
            <SP HEIGHT="93" WIDTH="21" VPOS="1462" HPOS="1043"/>
            <String HEIGHT="93" WIDTH="123" VPOS="1462" HPOS="981" CONTENT="de" ID="tl_29_7" STYLEREFS="FONT0"/>
            <SP HEIGHT="93" WIDTH="21" VPOS="1462" HPOS="1104"/>
            <String HEIGHT="93" WIDTH="267" VPOS="1462" HPOS="1043" CONTENT="l’hospice" ID="tl_29_8" STYLEREFS="FONT0"/>
            <SP HEIGHT="93" WIDTH="21" VPOS="1462" HPOS="1309"/>
            <String HEIGHT="93" WIDTH="123" VPOS="1462" HPOS="1248" CONTENT="de" ID="tl_29_9" STYLEREFS="FONT0"/>
            <SP HEIGHT="93" WIDTH="21" VPOS="1462" HPOS="1371"/>
            <String HEIGHT="93" WIDTH="123" VPOS="1462" HPOS="1309" CONTENT="la" ID="tl_29_10" STYLEREFS="FONT0"/>
            <SP HEIGHT="93" WIDTH="21" VPOS="1462" HPOS="1432"/>
            <String HEIGHT="93" WIDTH="164" VPOS="1462" HPOS="1350" CONTENT="Mater" ID="tl_29_11" STYLEREFS="FONT0"/>
          </TextLine>
        </TextBlock>
        <TextBlock ID="r_2_20" HEIGHT="99" WIDTH="1375" VPOS="1548" HPOS="133">
          <TextLine ID="tl_30" BASELINE="1601" HEIGHT="61" WIDTH="1390" VPOS="1540" HPOS="126">
            <String HEIGHT="61" WIDTH="171" VPOS="1540" HPOS="107" CONTENT="nité." ID="tl_30_1" STYLEREFS="FONT0"/>
            <SP HEIGHT="61" WIDTH="19" VPOS="1540" HPOS="278"/>
            <String HEIGHT="61" WIDTH="114" VPOS="1540" HPOS="221" CONTENT="Né" ID="tl_30_2" STYLEREFS="FONT0"/>
            <SP HEIGHT="61" WIDTH="19" VPOS="1540" HPOS="335"/>
            <String HEIGHT="61" WIDTH="95" VPOS="1540" HPOS="278" CONTENT="à" ID="tl_30_3" STYLEREFS="FONT0"/>
            <SP HEIGHT="61" WIDTH="19" VPOS="1540" HPOS="374"/>
            <String HEIGHT="61" WIDTH="305" VPOS="1540" HPOS="316" CONTENT="Dijon" ID="tl_30_4" STYLEREFS="FONT2"/>
            <SP HEIGHT="61" WIDTH="19" VPOS="1540" HPOS="621"/>
            <String HEIGHT="61" WIDTH="305" VPOS="1540" HPOS="564" CONTENT="(Côte-d’Or)." ID="tl_30_5" STYLEREFS="FONT0"/>
            <SP HEIGHT="61" WIDTH="19" VPOS="1540" HPOS="869"/>
            <String HEIGHT="61" WIDTH="114" VPOS="1540" HPOS="811" CONTENT="L." ID="tl_30_6" STYLEREFS="FONT0"/>
            <SP HEIGHT="61" WIDTH="19" VPOS="1540" HPOS="926"/>
            <String HEIGHT="61" WIDTH="152" VPOS="1540" HPOS="869" CONTENT="aut." ID="tl_30_7" STYLEREFS="FONT0"/>
            <SP HEIGHT="61" WIDTH="19" VPOS="1540" HPOS="1021"/>
            <String HEIGHT="61" WIDTH="171" VPOS="1540" HPOS="964" CONTENT="sig.," ID="tl_30_8" STYLEREFS="FONT0"/>
            <SP HEIGHT="61" WIDTH="19" VPOS="1540" HPOS="1135"/>
            <String HEIGHT="61" WIDTH="95" VPOS="1540" HPOS="1078" CONTENT="à" ID="tl_30_9" STYLEREFS="FONT0"/>
            <SP HEIGHT="61" WIDTH="19" VPOS="1540" HPOS="1173"/>
            <String HEIGHT="61" WIDTH="114" VPOS="1540" HPOS="1116" CONTENT="M." ID="tl_30_10" STYLEREFS="FONT0"/>
            <SP HEIGHT="61" WIDTH="19" VPOS="1540" HPOS="1230"/>
            <String HEIGHT="61" WIDTH="114" VPOS="1540" HPOS="1173" CONTENT="le" ID="tl_30_11" STYLEREFS="FONT0"/>
            <SP HEIGHT="61" WIDTH="19" VPOS="1540" HPOS="1288"/>
            <String HEIGHT="61" WIDTH="248" VPOS="1540" HPOS="1230" CONTENT="préfet..." ID="tl_30_12" STYLEREFS="FONT0"/>
            <SP HEIGHT="61" WIDTH="19" VPOS="1540" HPOS="1478"/>
            <String HEIGHT="61" WIDTH="114" VPOS="1540" HPOS="1402" CONTENT="Ver" SUBS_TYPE="HypPart1" SUBS_CONTENT="Versailles," ID="tl_30_13" STYLEREFS="FONT0"/>
            <HYP CONTENT="-"/>
          </TextLine>
          <TextLine ID="tl_31" BASELINE="1650" HEIGHT="59" WIDTH="1389" VPOS="1591" HPOS="125">
            <String HEIGHT="59" WIDTH="427" VPOS="1591" HPOS="89" CONTENT="sailles," SUBS_TYPE="HypPart2" SUBS_CONTENT="Versailles," ID="tl_31_1" STYLEREFS="FONT0"/>
            <SP HEIGHT="59" WIDTH="36" VPOS="1591" HPOS="517"/>
            <String HEIGHT="59" WIDTH="214" VPOS="1591" HPOS="410" CONTENT="15" ID="tl_31_2" STYLEREFS="FONT0"/>
            <SP HEIGHT="59" WIDTH="36" VPOS="1591" HPOS="624"/>
            <String HEIGHT="59" WIDTH="321" VPOS="1591" HPOS="517" CONTENT="sept." ID="tl_31_3" STYLEREFS="FONT0"/>
            <SP HEIGHT="59" WIDTH="36" VPOS="1591" HPOS="837"/>
            <String HEIGHT="59" WIDTH="321" VPOS="1591" HPOS="730" CONTENT="1816." ID="tl_31_4" STYLEREFS="FONT0"/>
            <SP HEIGHT="59" WIDTH="36" VPOS="1591" HPOS="1051"/>
            <String HEIGHT="59" WIDTH="178" VPOS="1591" HPOS="944" CONTENT="2" ID="tl_31_5" STYLEREFS="FONT0"/>
            <SP HEIGHT="59" WIDTH="36" VPOS="1591" HPOS="1122"/>
            <String HEIGHT="59" WIDTH="214" VPOS="1591" HPOS="1015" CONTENT="p." ID="tl_31_6" STYLEREFS="FONT0"/>
            <SP HEIGHT="59" WIDTH="36" VPOS="1591" HPOS="1229"/>
            <String HEIGHT="59" WIDTH="321" VPOS="1591" HPOS="1122" CONTENT="in-4." ID="tl_31_7" STYLEREFS="FONT0"/>
            <SP HEIGHT="59" WIDTH="36" VPOS="1591" HPOS="1443"/>
            <String HEIGHT="59" WIDTH="178" VPOS="1591" HPOS="1336" CONTENT="3" ID="tl_31_8" STYLEREFS="FONT0"/>
            <SP HEIGHT="59" WIDTH="36" VPOS="1591" HPOS="1514"/>
            <String HEIGHT="59" WIDTH="142" VPOS="1591" HPOS="1372" CONTENT="50" ID="tl_31_9" STYLEREFS="FONT0"/>
          </TextLine>
        </TextBlock>
        <TextBlock ID="r_2_21" HEIGHT="50" WIDTH="1426" VPOS="1644" HPOS="84">
          <TextLine ID="tl_32" BASELINE="1701" HEIGHT="85" WIDTH="1441" VPOS="1616" HPOS="76">
            <String HEIGHT="85" WIDTH="154" VPOS="1616" HPOS="57" CONTENT="859." ID="tl_32_1" STYLEREFS="FONT0"/>
            <SP HEIGHT="85" WIDTH="19" VPOS="1616" HPOS="210"/>
            <String HEIGHT="85" WIDTH="365" VPOS="1616" HPOS="153" CONTENT="Chifflet" ID="tl_32_2" STYLEREFS="FONT1"/>
            <SP HEIGHT="85" WIDTH="19" VPOS="1616" HPOS="518"/>
            <String HEIGHT="85" WIDTH="423" VPOS="1616" HPOS="460" CONTENT="(Pierre-François)," ID="tl_32_3" STYLEREFS="FONT0"/>
            <SP HEIGHT="85" WIDTH="19" VPOS="1616" HPOS="883"/>
            <String HEIGHT="85" WIDTH="192" VPOS="1616" HPOS="825" CONTENT="savant" ID="tl_32_4" STYLEREFS="FONT0"/>
            <SP HEIGHT="85" WIDTH="19" VPOS="1616" HPOS="1017"/>
            <String HEIGHT="85" WIDTH="231" VPOS="1616" HPOS="960" CONTENT="jésuite," ID="tl_32_5" STYLEREFS="FONT0"/>
            <SP HEIGHT="85" WIDTH="19" VPOS="1616" HPOS="1190"/>
            <String HEIGHT="85" WIDTH="173" VPOS="1616" HPOS="1133" CONTENT="garde" ID="tl_32_6" STYLEREFS="FONT0"/>
            <SP HEIGHT="85" WIDTH="19" VPOS="1616" HPOS="1306"/>
            <String HEIGHT="85" WIDTH="134" VPOS="1616" HPOS="1248" CONTENT="des" ID="tl_32_7" STYLEREFS="FONT0"/>
            <SP HEIGHT="85" WIDTH="19" VPOS="1616" HPOS="1383"/>
            <String HEIGHT="85" WIDTH="211" VPOS="1616" HPOS="1306" CONTENT="médailles" ID="tl_32_8" STYLEREFS="FONT0"/>
          </TextLine>
        </TextBlock>
        <TextBlock ID="r_2_22" HEIGHT="97" WIDTH="1376" VPOS="1691" HPOS="132">
          <TextLine ID="tl_33" BASELINE="1737" HEIGHT="54" WIDTH="1389" VPOS="1683" HPOS="125">
            <String HEIGHT="54" WIDTH="123" VPOS="1683" HPOS="105" CONTENT="du" ID="tl_33_1" STYLEREFS="FONT0"/>
            <SP HEIGHT="54" WIDTH="20" VPOS="1683" HPOS="227"/>
            <String HEIGHT="54" WIDTH="163" VPOS="1683" HPOS="166" CONTENT="roi." ID="tl_33_2" STYLEREFS="FONT0"/>
            <SP HEIGHT="54" WIDTH="20" VPOS="1683" HPOS="329"/>
            <String HEIGHT="54" WIDTH="123" VPOS="1683" HPOS="268" CONTENT="Né" ID="tl_33_3" STYLEREFS="FONT0"/>
            <SP HEIGHT="54" WIDTH="20" VPOS="1683" HPOS="391"/>
            <String HEIGHT="54" WIDTH="102" VPOS="1683" HPOS="329" CONTENT="à" ID="tl_33_4" STYLEREFS="FONT0"/>
            <SP HEIGHT="54" WIDTH="20" VPOS="1683" HPOS="431"/>
            <String HEIGHT="54" WIDTH="388" VPOS="1683" HPOS="370" CONTENT="Besançon" ID="tl_33_5" STYLEREFS="FONT2"/>
            <SP HEIGHT="54" WIDTH="20" VPOS="1683" HPOS="758"/>
            <String HEIGHT="54" WIDTH="245" VPOS="1683" HPOS="697" CONTENT="(Doubs)." ID="tl_33_6" STYLEREFS="FONT0"/>
            <SP HEIGHT="54" WIDTH="20" VPOS="1683" HPOS="942"/>
            <String HEIGHT="54" WIDTH="123" VPOS="1683" HPOS="881" CONTENT="L." ID="tl_33_7" STYLEREFS="FONT0"/>
            <SP HEIGHT="54" WIDTH="20" VPOS="1683" HPOS="1003"/>
            <String HEIGHT="54" WIDTH="163" VPOS="1683" HPOS="942" CONTENT="aut." ID="tl_33_8" STYLEREFS="FONT0"/>
            <SP HEIGHT="54" WIDTH="20" VPOS="1683" HPOS="1105"/>
            <String HEIGHT="54" WIDTH="184" VPOS="1683" HPOS="1044" CONTENT="sig.," ID="tl_33_9" STYLEREFS="FONT0"/>
            <SP HEIGHT="54" WIDTH="20" VPOS="1683" HPOS="1228"/>
            <String HEIGHT="54" WIDTH="123" VPOS="1683" HPOS="1167" CONTENT="au" ID="tl_33_10" STYLEREFS="FONT0"/>
            <SP HEIGHT="54" WIDTH="20" VPOS="1683" HPOS="1289"/>
            <String HEIGHT="54" WIDTH="163" VPOS="1683" HPOS="1228" CONTENT="père" ID="tl_33_11" STYLEREFS="FONT0"/>
            <SP HEIGHT="54" WIDTH="20" VPOS="1683" HPOS="1391"/>
            <String HEIGHT="54" WIDTH="204" VPOS="1683" HPOS="1310" CONTENT="Philippe" ID="tl_33_12" STYLEREFS="FONT0"/>
          </TextLine>
          <TextLine ID="tl_34" BASELINE="1788" HEIGHT="59" WIDTH="1391" VPOS="1729" HPOS="125">
            <String HEIGHT="59" WIDTH="244" VPOS="1729" HPOS="101" CONTENT="Labbe." ID="tl_34_1" STYLEREFS="FONT0"/>
            <SP HEIGHT="59" WIDTH="24" VPOS="1729" HPOS="345"/>
            <String HEIGHT="59" WIDTH="244" VPOS="1729" HPOS="271" CONTENT="Dijon," ID="tl_34_2" STYLEREFS="FONT0"/>
            <SP HEIGHT="59" WIDTH="24" VPOS="1729" HPOS="515"/>
            <String HEIGHT="59" WIDTH="122" VPOS="1729" HPOS="442" CONTENT="3" ID="tl_34_3" STYLEREFS="FONT0"/>
            <SP HEIGHT="59" WIDTH="24" VPOS="1729" HPOS="564"/>
            <String HEIGHT="59" WIDTH="268" VPOS="1729" HPOS="491" CONTENT="janvier" ID="tl_34_4" STYLEREFS="FONT0"/>
            <SP HEIGHT="59" WIDTH="24" VPOS="1729" HPOS="759"/>
            <String HEIGHT="59" WIDTH="220" VPOS="1729" HPOS="686" CONTENT="1666." ID="tl_34_5" STYLEREFS="FONT0"/>
            <SP HEIGHT="59" WIDTH="24" VPOS="1729" HPOS="906"/>
            <String HEIGHT="59" WIDTH="122" VPOS="1729" HPOS="833" CONTENT="1" ID="tl_34_6" STYLEREFS="FONT0"/>
            <SP HEIGHT="59" WIDTH="24" VPOS="1729" HPOS="955"/>
            <String HEIGHT="59" WIDTH="146" VPOS="1729" HPOS="882" CONTENT="p." ID="tl_34_7" STYLEREFS="FONT0"/>
            <SP HEIGHT="59" WIDTH="24" VPOS="1729" HPOS="1028"/>
            <String HEIGHT="59" WIDTH="171" VPOS="1729" HPOS="955" CONTENT="pl." ID="tl_34_8" STYLEREFS="FONT0"/>
            <SP HEIGHT="59" WIDTH="24" VPOS="1729" HPOS="1126"/>
            <String HEIGHT="59" WIDTH="220" VPOS="1729" HPOS="1052" CONTENT="in-4." ID="tl_34_9" STYLEREFS="FONT0"/>
            <SP HEIGHT="59" WIDTH="24" VPOS="1729" HPOS="1272"/>
            <String HEIGHT="59" WIDTH="268" VPOS="1729" HPOS="1199" CONTENT="Cachet." ID="tl_34_10" STYLEREFS="FONT0"/>
            <SP HEIGHT="59" WIDTH="24" VPOS="1729" HPOS="1467"/>
            <String HEIGHT="59" WIDTH="122" VPOS="1729" HPOS="1394" CONTENT="7" ID="tl_34_11" STYLEREFS="FONT0"/>
            <SP HEIGHT="59" WIDTH="24" VPOS="1729" HPOS="1516"/>
            <String HEIGHT="59" WIDTH="98" VPOS="1729" HPOS="1418" CONTENT="50" ID="tl_34_12" STYLEREFS="FONT0"/>
          </TextLine>
        </TextBlock>
        <TextBlock ID="r_2_23" HEIGHT="99" WIDTH="1376" VPOS="1787" HPOS="132">
          <TextLine ID="tl_35" BASELINE="1850" HEIGHT="92" WIDTH="1322" VPOS="1758" HPOS="195">
            <String HEIGHT="92" WIDTH="130" VPOS="1758" HPOS="173" CONTENT="éu" ID="tl_35_1" STYLEREFS="FONT0"/>
            <SP HEIGHT="92" WIDTH="22" VPOS="1758" HPOS="303"/>
            <String HEIGHT="92" WIDTH="195" VPOS="1758" HPOS="238" CONTENT="sujet" ID="tl_35_2" STYLEREFS="FONT0"/>
            <SP HEIGHT="92" WIDTH="22" VPOS="1758" HPOS="433"/>
            <String HEIGHT="92" WIDTH="130" VPOS="1758" HPOS="368" CONTENT="de" ID="tl_35_3" STYLEREFS="FONT0"/>
            <SP HEIGHT="92" WIDTH="22" VPOS="1758" HPOS="498"/>
            <String HEIGHT="92" WIDTH="282" VPOS="1758" HPOS="433" CONTENT="plusieurs" ID="tl_35_4" STYLEREFS="FONT0"/>
            <SP HEIGHT="92" WIDTH="22" VPOS="1758" HPOS="715"/>
            <String HEIGHT="92" WIDTH="325" VPOS="1758" HPOS="650" CONTENT="archevêques" ID="tl_35_5" STYLEREFS="FONT0"/>
            <SP HEIGHT="92" WIDTH="22" VPOS="1758" HPOS="975"/>
            <String HEIGHT="92" WIDTH="130" VPOS="1758" HPOS="910" CONTENT="de" ID="tl_35_6" STYLEREFS="FONT0"/>
            <SP HEIGHT="92" WIDTH="22" VPOS="1758" HPOS="1040"/>
            <String HEIGHT="92" WIDTH="195" VPOS="1758" HPOS="975" CONTENT="Lyon," ID="tl_35_7" STYLEREFS="FONT0"/>
            <SP HEIGHT="92" WIDTH="22" VPOS="1758" HPOS="1170"/>
            <String HEIGHT="92" WIDTH="195" VPOS="1758" HPOS="1105" CONTENT="cités" ID="tl_35_8" STYLEREFS="FONT0"/>
            <SP HEIGHT="92" WIDTH="22" VPOS="1758" HPOS="1300"/>
            <String HEIGHT="92" WIDTH="173" VPOS="1758" HPOS="1235" CONTENT="dans" ID="tl_35_9" STYLEREFS="FONT0"/>
            <SP HEIGHT="92" WIDTH="22" VPOS="1758" HPOS="1409"/>
            <String HEIGHT="92" WIDTH="152" VPOS="1758" HPOS="1344" CONTENT="les" ID="tl_35_10" STYLEREFS="FONT0"/>
            <SP HEIGHT="92" WIDTH="22" VPOS="1758" HPOS="1495"/>
            <String HEIGHT="92" WIDTH="108" VPOS="1758" HPOS="1409" CONTENT="ca" SUBS_TYPE="HypPart1" SUBS_CONTENT="catalogues" ID="tl_35_11" STYLEREFS="FONT0"/>
            <HYP CONTENT="-"/>
          </TextLine>
          <TextLine ID="tl_36" BASELINE="1881" HEIGHT="70" WIDTH="775" VPOS="1811" HPOS="123">
            <String HEIGHT="70" WIDTH="251" VPOS="1811" HPOS="102" CONTENT="talogues" SUBS_TYPE="HypPart2" SUBS_CONTENT="catalogues" ID="tl_36_1" STYLEREFS="FONT0"/>
            <SP HEIGHT="70" WIDTH="21" VPOS="1811" HPOS="353"/>
            <String HEIGHT="70" WIDTH="126" VPOS="1811" HPOS="291" CONTENT="et" ID="tl_36_2" STYLEREFS="FONT0"/>
            <SP HEIGHT="70" WIDTH="21" VPOS="1811" HPOS="416"/>
            <String HEIGHT="70" WIDTH="168" VPOS="1811" HPOS="353" CONTENT="dans" ID="tl_36_3" STYLEREFS="FONT0"/>
            <SP HEIGHT="70" WIDTH="21" VPOS="1811" HPOS="521"/>
            <String HEIGHT="70" WIDTH="293" VPOS="1811" HPOS="458" CONTENT="différents" ID="tl_36_4" STYLEREFS="FONT0"/>
            <SP HEIGHT="70" WIDTH="21" VPOS="1811" HPOS="751"/>
            <String HEIGHT="70" WIDTH="230" VPOS="1811" HPOS="668" CONTENT="ouvrages." ID="tl_36_5" STYLEREFS="FONT0"/>
          </TextLine>
        </TextBlock>
        <TextBlock ID="r_2_24" HEIGHT="97" WIDTH="1426" VPOS="1882" HPOS="83">
          <TextLine ID="tl_37" BASELINE="1944" HEIGHT="68" WIDTH="1439" VPOS="1876" HPOS="76">
            <String HEIGHT="68" WIDTH="158" VPOS="1876" HPOS="56" CONTENT="860." ID="tl_37_1" STYLEREFS="FONT0"/>
            <SP HEIGHT="68" WIDTH="20" VPOS="1876" HPOS="214"/>
            <String HEIGHT="68" WIDTH="335" VPOS="1876" HPOS="155" CONTENT="Chomel" ID="tl_37_2" STYLEREFS="FONT1"/>
            <SP HEIGHT="68" WIDTH="20" VPOS="1876" HPOS="490"/>
            <String HEIGHT="68" WIDTH="394" VPOS="1876" HPOS="431" CONTENT="(Jean-Baptiste)," ID="tl_37_3" STYLEREFS="FONT0"/>
            <SP HEIGHT="68" WIDTH="20" VPOS="1876" HPOS="825"/>
            <String HEIGHT="68" WIDTH="217" VPOS="1876" HPOS="766" CONTENT="médecin" ID="tl_37_4" STYLEREFS="FONT0"/>
            <SP HEIGHT="68" WIDTH="20" VPOS="1876" HPOS="983"/>
            <String HEIGHT="68" WIDTH="118" VPOS="1876" HPOS="924" CONTENT="du" ID="tl_37_5" STYLEREFS="FONT0"/>
            <SP HEIGHT="68" WIDTH="20" VPOS="1876" HPOS="1042"/>
            <String HEIGHT="68" WIDTH="158" VPOS="1876" HPOS="983" CONTENT="roi." ID="tl_37_6" STYLEREFS="FONT0"/>
            <SP HEIGHT="68" WIDTH="20" VPOS="1876" HPOS="1140"/>
            <String HEIGHT="68" WIDTH="197" VPOS="1876" HPOS="1081" CONTENT="Quitt." ID="tl_37_7" STYLEREFS="FONT0"/>
            <SP HEIGHT="68" WIDTH="20" VPOS="1876" HPOS="1278"/>
            <String HEIGHT="68" WIDTH="158" VPOS="1876" HPOS="1219" CONTENT="sig." ID="tl_37_8" STYLEREFS="FONT0"/>
            <SP HEIGHT="68" WIDTH="20" VPOS="1876" HPOS="1377"/>
            <String HEIGHT="68" WIDTH="158" VPOS="1876" HPOS="1318" CONTENT="(sur" ID="tl_37_9" STYLEREFS="FONT0"/>
            <SP HEIGHT="68" WIDTH="20" VPOS="1876" HPOS="1476"/>
            <String HEIGHT="68" WIDTH="118" VPOS="1876" HPOS="1397" CONTENT="par" SUBS_TYPE="HypPart1" SUBS_CONTENT="parchemin)." ID="tl_37_10" STYLEREFS="FONT0"/>
            <HYP CONTENT="-"/>
          </TextLine>
          <TextLine ID="tl_38" BASELINE="1976" HEIGHT="48" WIDTH="1393" VPOS="1928" HPOS="124">
            <String HEIGHT="48" WIDTH="429" VPOS="1928" HPOS="88" CONTENT="chemin)." SUBS_TYPE="HypPart2" SUBS_CONTENT="parchemin)." ID="tl_38_1" STYLEREFS="FONT0"/>
            <SP HEIGHT="48" WIDTH="36" VPOS="1928" HPOS="517"/>
            <String HEIGHT="48" WIDTH="357" VPOS="1928" HPOS="410" CONTENT="Paris," ID="tl_38_2" STYLEREFS="FONT0"/>
            <SP HEIGHT="48" WIDTH="36" VPOS="1928" HPOS="767"/>
            <String HEIGHT="48" WIDTH="214" VPOS="1928" HPOS="660" CONTENT="20" ID="tl_38_3" STYLEREFS="FONT0"/>
            <SP HEIGHT="48" WIDTH="36" VPOS="1928" HPOS="874"/>
            <String HEIGHT="48" WIDTH="464" VPOS="1928" HPOS="767" CONTENT="septembre" ID="tl_38_4" STYLEREFS="FONT0"/>
            <SP HEIGHT="48" WIDTH="36" VPOS="1928" HPOS="1231"/>
            <String HEIGHT="48" WIDTH="321" VPOS="1928" HPOS="1124" CONTENT="1702." ID="tl_38_5" STYLEREFS="FONT0"/>
            <SP HEIGHT="48" WIDTH="36" VPOS="1928" HPOS="1446"/>
            <String HEIGHT="48" WIDTH="179" VPOS="1928" HPOS="1338" CONTENT="2" ID="tl_38_6" STYLEREFS="FONT0"/>
            <SP HEIGHT="48" WIDTH="36" VPOS="1928" HPOS="1517"/>
            <String HEIGHT="48" WIDTH="143" VPOS="1928" HPOS="1374" CONTENT="50" ID="tl_38_7" STYLEREFS="FONT0"/>
          </TextLine>
        </TextBlock>
        <TextBlock ID="r_2_25" HEIGHT="98" WIDTH="1425" VPOS="1975" HPOS="83">
          <TextLine ID="tl_39" BASELINE="2029" HEIGHT="75" WIDTH="1441" VPOS="1954" HPOS="75">
            <String HEIGHT="75" WIDTH="150" VPOS="1954" HPOS="56" CONTENT="861." ID="tl_39_1" STYLEREFS="FONT0"/>
            <SP HEIGHT="75" WIDTH="19" VPOS="1954" HPOS="206"/>
            <String HEIGHT="75" WIDTH="337" VPOS="1954" HPOS="150" CONTENT="Colart," ID="tl_39_2" STYLEREFS="FONT1"/>
            <SP HEIGHT="75" WIDTH="19" VPOS="1954" HPOS="487"/>
            <String HEIGHT="75" WIDTH="281" VPOS="1954" HPOS="431" CONTENT="instituteur" ID="tl_39_3" STYLEREFS="FONT0"/>
            <SP HEIGHT="75" WIDTH="19" VPOS="1954" HPOS="711"/>
            <String HEIGHT="75" WIDTH="131" VPOS="1954" HPOS="655" CONTENT="des" ID="tl_39_4" STYLEREFS="FONT0"/>
            <SP HEIGHT="75" WIDTH="19" VPOS="1954" HPOS="786"/>
            <String HEIGHT="75" WIDTH="206" VPOS="1954" HPOS="730" CONTENT="Enfants" ID="tl_39_5" STYLEREFS="FONT0"/>
            <SP HEIGHT="75" WIDTH="19" VPOS="1954" HPOS="936"/>
            <String HEIGHT="75" WIDTH="112" VPOS="1954" HPOS="880" CONTENT="de" ID="tl_39_6" STYLEREFS="FONT0"/>
            <SP HEIGHT="75" WIDTH="19" VPOS="1954" HPOS="992"/>
            <String HEIGHT="75" WIDTH="206" VPOS="1954" HPOS="936" CONTENT="France." ID="tl_39_7" STYLEREFS="FONT0"/>
            <SP HEIGHT="75" WIDTH="19" VPOS="1954" HPOS="1142"/>
            <String HEIGHT="75" WIDTH="112" VPOS="1954" HPOS="1086" CONTENT="L." ID="tl_39_8" STYLEREFS="FONT0"/>
            <SP HEIGHT="75" WIDTH="19" VPOS="1954" HPOS="1198"/>
            <String HEIGHT="75" WIDTH="150" VPOS="1954" HPOS="1142" CONTENT="aut." ID="tl_39_9" STYLEREFS="FONT0"/>
            <SP HEIGHT="75" WIDTH="19" VPOS="1954" HPOS="1291"/>
            <String HEIGHT="75" WIDTH="168" VPOS="1954" HPOS="1235" CONTENT="sig.," ID="tl_39_10" STYLEREFS="FONT0"/>
            <SP HEIGHT="75" WIDTH="19" VPOS="1954" HPOS="1404"/>
            <String HEIGHT="75" WIDTH="94" VPOS="1954" HPOS="1348" CONTENT="à" ID="tl_39_11" STYLEREFS="FONT0"/>
            <SP HEIGHT="75" WIDTH="19" VPOS="1954" HPOS="1441"/>
            <String HEIGHT="75" WIDTH="150" VPOS="1954" HPOS="1366" CONTENT="l’abbé" ID="tl_39_12" STYLEREFS="FONT0"/>
          </TextLine>
          <TextLine ID="tl_40" BASELINE="2075" HEIGHT="55" WIDTH="1392" VPOS="2020" HPOS="123">
            <String HEIGHT="55" WIDTH="274" VPOS="2020" HPOS="102" CONTENT="Gaultier." ID="tl_40_1" STYLEREFS="FONT0"/>
            <SP HEIGHT="55" WIDTH="21" VPOS="2020" HPOS="376"/>
            <String HEIGHT="55" WIDTH="253" VPOS="2020" HPOS="313" CONTENT="Londres," ID="tl_40_2" STYLEREFS="FONT0"/>
            <SP HEIGHT="55" WIDTH="21" VPOS="2020" HPOS="566"/>
            <String HEIGHT="55" WIDTH="127" VPOS="2020" HPOS="503" CONTENT="21" ID="tl_40_3" STYLEREFS="FONT0"/>
            <SP HEIGHT="55" WIDTH="21" VPOS="2020" HPOS="629"/>
            <String HEIGHT="55" WIDTH="190" VPOS="2020" HPOS="566" CONTENT="avril" ID="tl_40_4" STYLEREFS="FONT0"/>
            <SP HEIGHT="55" WIDTH="21" VPOS="2020" HPOS="756"/>
            <String HEIGHT="55" WIDTH="190" VPOS="2020" HPOS="692" CONTENT="1817." ID="tl_40_5" STYLEREFS="FONT0"/>
            <SP HEIGHT="55" WIDTH="21" VPOS="2020" HPOS="882"/>
            <String HEIGHT="55" WIDTH="105" VPOS="2020" HPOS="819" CONTENT="3" ID="tl_40_6" STYLEREFS="FONT0"/>
            <SP HEIGHT="55" WIDTH="21" VPOS="2020" HPOS="924"/>
            <String HEIGHT="55" WIDTH="127" VPOS="2020" HPOS="861" CONTENT="p." ID="tl_40_7" STYLEREFS="FONT0"/>
            <SP HEIGHT="55" WIDTH="21" VPOS="2020" HPOS="988"/>
            <String HEIGHT="55" WIDTH="148" VPOS="2020" HPOS="924" CONTENT="pl." ID="tl_40_8" STYLEREFS="FONT0"/>
            <SP HEIGHT="55" WIDTH="21" VPOS="2020" HPOS="1072"/>
            <String HEIGHT="55" WIDTH="190" VPOS="2020" HPOS="1009" CONTENT="in-8." ID="tl_40_9" STYLEREFS="FONT0"/>
            <SP HEIGHT="55" WIDTH="21" VPOS="2020" HPOS="1199"/>
            <String HEIGHT="55" WIDTH="190" VPOS="2020" HPOS="1135" CONTENT="Jolie" ID="tl_40_10" STYLEREFS="FONT0"/>
            <SP HEIGHT="55" WIDTH="21" VPOS="2020" HPOS="1325"/>
            <String HEIGHT="55" WIDTH="232" VPOS="2020" HPOS="1262" CONTENT="lettre." ID="tl_40_11" STYLEREFS="FONT0"/>
            <SP HEIGHT="55" WIDTH="21" VPOS="2020" HPOS="1494"/>
            <String HEIGHT="55" WIDTH="105" VPOS="2020" HPOS="1431" CONTENT="4" ID="tl_40_12" STYLEREFS="FONT0"/>
            <SP HEIGHT="55" WIDTH="21" VPOS="2020" HPOS="1536"/>
            <String HEIGHT="55" WIDTH="63" VPOS="2020" HPOS="1452" CONTENT="»" ID="tl_40_13" STYLEREFS="FONT0"/>
          </TextLine>
        </TextBlock>
        <TextBlock ID="r_2_26" HEIGHT="51" WIDTH="1416" VPOS="2073" HPOS="84">
          <TextLine ID="tl_41" BASELINE="2118" HEIGHT="59" WIDTH="1432" VPOS="2059" HPOS="76">
            <String HEIGHT="59" WIDTH="147" VPOS="2059" HPOS="58" CONTENT="862." ID="tl_41_1" STYLEREFS="FONT0"/>
            <SP HEIGHT="59" WIDTH="18" VPOS="2059" HPOS="205"/>
            <String HEIGHT="59" WIDTH="294" VPOS="2059" HPOS="149" CONTENT="Colet" ID="tl_41_2" STYLEREFS="FONT1"/>
            <SP HEIGHT="59" WIDTH="18" VPOS="2059" HPOS="443"/>
            <String HEIGHT="59" WIDTH="147" VPOS="2059" HPOS="388" CONTENT="(Mme" ID="tl_41_3" STYLEREFS="FONT0"/>
            <SP HEIGHT="59" WIDTH="18" VPOS="2059" HPOS="535"/>
            <String HEIGHT="59" WIDTH="220" VPOS="2059" HPOS="480" CONTENT="Louise)," ID="tl_41_4" STYLEREFS="FONT0"/>
            <SP HEIGHT="59" WIDTH="18" VPOS="2059" HPOS="700"/>
            <String HEIGHT="59" WIDTH="129" VPOS="2059" HPOS="645" CONTENT="née" ID="tl_41_5" STYLEREFS="FONT0"/>
            <SP HEIGHT="59" WIDTH="18" VPOS="2059" HPOS="774"/>
            <String HEIGHT="59" WIDTH="330" VPOS="2059" HPOS="719" CONTENT="Revoil" ID="tl_41_6" STYLEREFS="FONT2"/>
            <SP HEIGHT="59" WIDTH="18" VPOS="2059" HPOS="1049"/>
            <String HEIGHT="59" WIDTH="184" VPOS="2059" HPOS="994" CONTENT="poëte." ID="tl_41_7" STYLEREFS="FONT0"/>
            <SP HEIGHT="59" WIDTH="18" VPOS="2059" HPOS="1178"/>
            <String HEIGHT="59" WIDTH="110" VPOS="2059" HPOS="1122" CONTENT="L." ID="tl_41_8" STYLEREFS="FONT0"/>
            <SP HEIGHT="59" WIDTH="18" VPOS="2059" HPOS="1233"/>
            <String HEIGHT="59" WIDTH="147" VPOS="2059" HPOS="1178" CONTENT="aut." ID="tl_41_9" STYLEREFS="FONT0"/>
            <SP HEIGHT="59" WIDTH="18" VPOS="2059" HPOS="1324"/>
            <String HEIGHT="59" WIDTH="165" VPOS="2059" HPOS="1269" CONTENT="sig.," ID="tl_41_10" STYLEREFS="FONT0"/>
            <SP HEIGHT="59" WIDTH="18" VPOS="2059" HPOS="1435"/>
            <String HEIGHT="59" WIDTH="92" VPOS="2059" HPOS="1379" CONTENT="à" ID="tl_41_11" STYLEREFS="FONT0"/>
            <SP HEIGHT="59" WIDTH="18" VPOS="2059" HPOS="1471"/>
            <String HEIGHT="59" WIDTH="110" VPOS="2059" HPOS="1398" CONTENT="M..." ID="tl_41_12" STYLEREFS="FONT0"/>
          </TextLine>
        </TextBlock>
        <TextBlock ID="r_2_27" HEIGHT="59" WIDTH="1377" VPOS="2111" HPOS="129">
          <TextLine ID="tl_42" BASELINE="2167" HEIGHT="57" WIDTH="1394" VPOS="2110" HPOS="121">
            <String HEIGHT="57" WIDTH="349" VPOS="2110" HPOS="82" CONTENT="Mardi" ID="tl_42_1" STYLEREFS="FONT0"/>
            <SP HEIGHT="57" WIDTH="39" VPOS="2110" HPOS="431"/>
            <String HEIGHT="57" WIDTH="310" VPOS="2110" HPOS="315" CONTENT="soir" ID="tl_42_2" STYLEREFS="FONT0"/>
            <SP HEIGHT="57" WIDTH="39" VPOS="2110" HPOS="624"/>
            <String HEIGHT="57" WIDTH="426" VPOS="2110" HPOS="508" CONTENT="(1843)." ID="tl_42_3" STYLEREFS="FONT0"/>
            <SP HEIGHT="57" WIDTH="39" VPOS="2110" HPOS="934"/>
            <String HEIGHT="57" WIDTH="194" VPOS="2110" HPOS="818" CONTENT="2" ID="tl_42_4" STYLEREFS="FONT0"/>
            <SP HEIGHT="57" WIDTH="39" VPOS="2110" HPOS="1012"/>
            <String HEIGHT="57" WIDTH="232" VPOS="2110" HPOS="895" CONTENT="p." ID="tl_42_5" STYLEREFS="FONT0"/>
            <SP HEIGHT="57" WIDTH="39" VPOS="2110" HPOS="1128"/>
            <String HEIGHT="57" WIDTH="349" VPOS="2110" HPOS="1012" CONTENT="in-8." ID="tl_42_6" STYLEREFS="FONT0"/>
            <SP HEIGHT="57" WIDTH="39" VPOS="2110" HPOS="1360"/>
            <String HEIGHT="57" WIDTH="194" VPOS="2110" HPOS="1244" CONTENT="5" ID="tl_42_7" STYLEREFS="FONT0"/>
            <SP HEIGHT="57" WIDTH="39" VPOS="2110" HPOS="1438"/>
            <String HEIGHT="57" WIDTH="194" VPOS="2110" HPOS="1321" CONTENT="2" ID="tl_42_8" STYLEREFS="FONT0"/>
            <SP HEIGHT="57" WIDTH="39" VPOS="2110" HPOS="1515"/>
            <String HEIGHT="57" WIDTH="155" VPOS="2110" HPOS="1360" CONTENT="50" ID="tl_42_9" STYLEREFS="FONT0"/>
          </TextLine>
        </TextBlock>
        <TextBlock ID="r_2_28" HEIGHT="50" WIDTH="1421" VPOS="2169" HPOS="84">
          <TextLine ID="tl_43" BASELINE="2223" HEIGHT="78" WIDTH="1438" VPOS="2145" HPOS="75">
            <String HEIGHT="78" WIDTH="164" VPOS="2145" HPOS="54" CONTENT="863." ID="tl_43_1" STYLEREFS="FONT0"/>
            <SP HEIGHT="78" WIDTH="21" VPOS="2145" HPOS="219"/>
            <String HEIGHT="78" WIDTH="329" VPOS="2145" HPOS="157" CONTENT="Condé" ID="tl_43_2" STYLEREFS="FONT1"/>
            <SP HEIGHT="78" WIDTH="21" VPOS="2145" HPOS="486"/>
            <String HEIGHT="78" WIDTH="329" VPOS="2145" HPOS="424" CONTENT="(Henri-Jules" ID="tl_43_3" STYLEREFS="FONT0"/>
            <SP HEIGHT="78" WIDTH="21" VPOS="2145" HPOS="753"/>
            <String HEIGHT="78" WIDTH="123" VPOS="2145" HPOS="691" CONTENT="de" ID="tl_43_4" STYLEREFS="FONT0"/>
            <SP HEIGHT="78" WIDTH="21" VPOS="2145" HPOS="815"/>
            <String HEIGHT="78" WIDTH="247" VPOS="2145" HPOS="753" CONTENT="Bourbon," ID="tl_43_5" STYLEREFS="FONT0"/>
            <SP HEIGHT="78" WIDTH="21" VPOS="2145" HPOS="999"/>
            <String HEIGHT="78" WIDTH="205" VPOS="2145" HPOS="938" CONTENT="prince" ID="tl_43_6" STYLEREFS="FONT0"/>
            <SP HEIGHT="78" WIDTH="21" VPOS="2145" HPOS="1143"/>
            <String HEIGHT="78" WIDTH="164" VPOS="2145" HPOS="1082" CONTENT="de)," ID="tl_43_7" STYLEREFS="FONT0"/>
            <SP HEIGHT="78" WIDTH="21" VPOS="2145" HPOS="1246"/>
            <String HEIGHT="78" WIDTH="329" VPOS="2145" HPOS="1184" CONTENT="grand-maître" ID="tl_43_8" STYLEREFS="FONT0"/>
            <SP HEIGHT="78" WIDTH="21" VPOS="2145" HPOS="1513"/>
            <String HEIGHT="78" WIDTH="82" VPOS="2145" HPOS="1431" CONTENT="de" ID="tl_43_9" STYLEREFS="FONT0"/>
          </TextLine>
        </TextBlock>
        <TextBlock ID="r_2_29" HEIGHT="87" WIDTH="1376" VPOS="2216" HPOS="130">
          <TextLine ID="tl_44" BASELINE="2259" HEIGHT="54" WIDTH="1384" VPOS="2205" HPOS="121">
            <String HEIGHT="54" WIDTH="234" VPOS="2205" HPOS="100" CONTENT="France." ID="tl_44_1" STYLEREFS="FONT0"/>
            <SP HEIGHT="54" WIDTH="21" VPOS="2205" HPOS="334"/>
            <String HEIGHT="54" WIDTH="128" VPOS="2205" HPOS="270" CONTENT="L." ID="tl_44_2" STYLEREFS="FONT0"/>
            <SP HEIGHT="54" WIDTH="21" VPOS="2205" HPOS="398"/>
            <String HEIGHT="54" WIDTH="170" VPOS="2205" HPOS="334" CONTENT="aut." ID="tl_44_3" STYLEREFS="FONT0"/>
            <SP HEIGHT="54" WIDTH="21" VPOS="2205" HPOS="504"/>
            <String HEIGHT="54" WIDTH="192" VPOS="2205" HPOS="440" CONTENT="sig.," ID="tl_44_4" STYLEREFS="FONT0"/>
            <SP HEIGHT="54" WIDTH="21" VPOS="2205" HPOS="632"/>
            <String HEIGHT="54" WIDTH="106" VPOS="2205" HPOS="568" CONTENT="à" ID="tl_44_5" STYLEREFS="FONT0"/>
            <SP HEIGHT="54" WIDTH="21" VPOS="2205" HPOS="675"/>
            <String HEIGHT="54" WIDTH="149" VPOS="2205" HPOS="611" CONTENT="Mgr" ID="tl_44_6" STYLEREFS="FONT0"/>
            <SP HEIGHT="54" WIDTH="21" VPOS="2205" HPOS="760"/>
            <String HEIGHT="54" WIDTH="256" VPOS="2205" HPOS="696" CONTENT="l’évêque" ID="tl_44_7" STYLEREFS="FONT0"/>
            <SP HEIGHT="54" WIDTH="21" VPOS="2205" HPOS="951"/>
            <String HEIGHT="54" WIDTH="256" VPOS="2205" HPOS="888" CONTENT="d’Autun." ID="tl_44_8" STYLEREFS="FONT0"/>
            <SP HEIGHT="54" WIDTH="21" VPOS="2205" HPOS="1143"/>
            <String HEIGHT="54" WIDTH="170" VPOS="2205" HPOS="1079" CONTENT="Sans" ID="tl_44_9" STYLEREFS="FONT0"/>
            <SP HEIGHT="54" WIDTH="21" VPOS="2205" HPOS="1249"/>
            <String HEIGHT="54" WIDTH="192" VPOS="2205" HPOS="1186" CONTENT="date." ID="tl_44_10" STYLEREFS="FONT0"/>
            <SP HEIGHT="54" WIDTH="21" VPOS="2205" HPOS="1377"/>
            <String HEIGHT="54" WIDTH="106" VPOS="2205" HPOS="1313" CONTENT="1" ID="tl_44_11" STYLEREFS="FONT0"/>
            <SP HEIGHT="54" WIDTH="21" VPOS="2205" HPOS="1420"/>
            <String HEIGHT="54" WIDTH="128" VPOS="2205" HPOS="1356" CONTENT="p." ID="tl_44_12" STYLEREFS="FONT0"/>
            <SP HEIGHT="54" WIDTH="21" VPOS="2205" HPOS="1484"/>
            <String HEIGHT="54" WIDTH="106" VPOS="2205" HPOS="1399" CONTENT="pl." ID="tl_44_13" STYLEREFS="FONT0"/>
          </TextLine>
          <TextLine ID="tl_45" BASELINE="2318" HEIGHT="62" WIDTH="1391" VPOS="2256" HPOS="122">
            <String HEIGHT="62" WIDTH="596" VPOS="2256" HPOS="56" CONTENT="in-4." ID="tl_45_1" STYLEREFS="FONT0"/>
            <SP HEIGHT="62" WIDTH="66" VPOS="2256" HPOS="652"/>
            <String HEIGHT="62" WIDTH="729" VPOS="2256" HPOS="453" CONTENT="Cachet." ID="tl_45_2" STYLEREFS="FONT0"/>
            <SP HEIGHT="62" WIDTH="66" VPOS="2256" HPOS="1182"/>
            <String HEIGHT="62" WIDTH="331" VPOS="2256" HPOS="983" CONTENT="2" ID="tl_45_3" STYLEREFS="FONT0"/>
            <SP HEIGHT="62" WIDTH="66" VPOS="2256" HPOS="1314"/>
            
            <SP HEIGHT="62" WIDTH="66" VPOS="2256" HPOS="1381"/>
            <String HEIGHT="62" WIDTH="331" VPOS="2256" HPOS="1182" CONTENT="6" ID="tl_45_5" STYLEREFS="FONT0"/>
            <SP HEIGHT="62" WIDTH="66" VPOS="2256" HPOS="1513"/>
            <String HEIGHT="62" WIDTH="265" VPOS="2256" HPOS="1248" CONTENT="50" ID="tl_45_6" STYLEREFS="FONT0"/>
          </TextLine>
        </TextBlock>
        <TextBlock ID="r_2_30" HEIGHT="50" WIDTH="1421" VPOS="2312" HPOS="82">
          <TextLine ID="tl_46" BASELINE="2377" HEIGHT="72" WIDTH="1438" VPOS="2305" HPOS="73">
            <String HEIGHT="72" WIDTH="155" VPOS="2305" HPOS="54" CONTENT="864." ID="tl_46_1" STYLEREFS="FONT0"/>
            <SP HEIGHT="72" WIDTH="19" VPOS="2305" HPOS="209"/>
            <String HEIGHT="72" WIDTH="311" VPOS="2305" HPOS="151" CONTENT="Coray" ID="tl_46_2" STYLEREFS="FONT1"/>
            <SP HEIGHT="72" WIDTH="19" VPOS="2305" HPOS="462"/>
            <String HEIGHT="72" WIDTH="291" VPOS="2305" HPOS="403" CONTENT="(Adamante)," ID="tl_46_3" STYLEREFS="FONT0"/>
            <SP HEIGHT="72" WIDTH="19" VPOS="2305" HPOS="695"/>
            <String HEIGHT="72" WIDTH="291" VPOS="2305" HPOS="637" CONTENT="helléniste." ID="tl_46_4" STYLEREFS="FONT0"/>
            <SP HEIGHT="72" WIDTH="19" VPOS="2305" HPOS="928"/>
            <String HEIGHT="72" WIDTH="117" VPOS="2305" HPOS="870" CONTENT="L." ID="tl_46_5" STYLEREFS="FONT0"/>
            <SP HEIGHT="72" WIDTH="19" VPOS="2305" HPOS="986"/>
            <String HEIGHT="72" WIDTH="155" VPOS="2305" HPOS="928" CONTENT="aut." ID="tl_46_6" STYLEREFS="FONT0"/>
            <SP HEIGHT="72" WIDTH="19" VPOS="2305" HPOS="1083"/>
            <String HEIGHT="72" WIDTH="175" VPOS="2305" HPOS="1025" CONTENT="sig.," ID="tl_46_7" STYLEREFS="FONT0"/>
            <SP HEIGHT="72" WIDTH="19" VPOS="2305" HPOS="1200"/>
            <String HEIGHT="72" WIDTH="97" VPOS="2305" HPOS="1142" CONTENT="à" ID="tl_46_8" STYLEREFS="FONT0"/>
            <SP HEIGHT="72" WIDTH="19" VPOS="2305" HPOS="1239"/>
            <String HEIGHT="72" WIDTH="117" VPOS="2305" HPOS="1181" CONTENT="M." ID="tl_46_9" STYLEREFS="FONT0"/>
            <SP HEIGHT="72" WIDTH="19" VPOS="2305" HPOS="1297"/>
            <String HEIGHT="72" WIDTH="194" VPOS="2305" HPOS="1239" CONTENT="Firmin" ID="tl_46_10" STYLEREFS="FONT0"/>
            <SP HEIGHT="72" WIDTH="19" VPOS="2305" HPOS="1433"/>
            <String HEIGHT="72" WIDTH="155" VPOS="2305" HPOS="1356" CONTENT="Didot." ID="tl_46_11" STYLEREFS="FONT0"/>
          </TextLine>
        </TextBlock>
        <TextBlock ID="r_2_31" HEIGHT="49" WIDTH="1378" VPOS="2359" HPOS="127">
          <TextLine ID="tl_47" BASELINE="2412" HEIGHT="60" WIDTH="1394" VPOS="2352" HPOS="119">
            <String HEIGHT="60" WIDTH="349" VPOS="2352" HPOS="61" CONTENT="An" ID="tl_47_1" STYLEREFS="FONT0"/>
            <SP HEIGHT="60" WIDTH="58" VPOS="2352" HPOS="409"/>
            <String HEIGHT="60" WIDTH="523" VPOS="2352" HPOS="235" CONTENT="XIII." ID="tl_47_2" STYLEREFS="FONT0"/>
            <SP HEIGHT="60" WIDTH="58" VPOS="2352" HPOS="758"/>
            <String HEIGHT="60" WIDTH="290" VPOS="2352" HPOS="584" CONTENT="1" ID="tl_47_3" STYLEREFS="FONT0"/>
            <SP HEIGHT="60" WIDTH="58" VPOS="2352" HPOS="874"/>
            <String HEIGHT="60" WIDTH="349" VPOS="2352" HPOS="700" CONTENT="p." ID="tl_47_4" STYLEREFS="FONT0"/>
            <SP HEIGHT="60" WIDTH="58" VPOS="2352" HPOS="1048"/>
            <String HEIGHT="60" WIDTH="523" VPOS="2352" HPOS="874" CONTENT="in-4." ID="tl_47_5" STYLEREFS="FONT0"/>
            <SP HEIGHT="60" WIDTH="58" VPOS="2352" HPOS="1397"/>
            <String HEIGHT="60" WIDTH="290" VPOS="2352" HPOS="1223" CONTENT="1" ID="tl_47_6" STYLEREFS="FONT0"/>
            <SP HEIGHT="60" WIDTH="58" VPOS="2352" HPOS="1513"/>
            <String HEIGHT="60" WIDTH="232" VPOS="2352" HPOS="1281" CONTENT="50" ID="tl_47_7" STYLEREFS="FONT0"/>
          </TextLine>
        </TextBlock>
        <TextBlock ID="r_2_32" HEIGHT="51" WIDTH="1424" VPOS="2406" HPOS="81">
          <TextLine ID="tl_48" BASELINE="2462" HEIGHT="80" WIDTH="1440" VPOS="2382" HPOS="73">
            <String HEIGHT="80" WIDTH="160" VPOS="2382" HPOS="53" CONTENT="865." ID="tl_48_1" STYLEREFS="FONT0"/>
            <SP HEIGHT="80" WIDTH="20" VPOS="2382" HPOS="213"/>
            <String HEIGHT="80" WIDTH="380" VPOS="2382" HPOS="153" CONTENT="Cousinot" ID="tl_48_2" STYLEREFS="FONT1"/>
            <SP HEIGHT="80" WIDTH="20" VPOS="2382" HPOS="533"/>
            <String HEIGHT="80" WIDTH="280" VPOS="2382" HPOS="473" CONTENT="(Jacques)," ID="tl_48_3" STYLEREFS="FONT0"/>
            <SP HEIGHT="80" WIDTH="20" VPOS="2382" HPOS="753"/>
            <String HEIGHT="80" WIDTH="220" VPOS="2382" HPOS="693" CONTENT="docteur" ID="tl_48_4" STYLEREFS="FONT0"/>
            <SP HEIGHT="80" WIDTH="20" VPOS="2382" HPOS="913"/>
            <String HEIGHT="80" WIDTH="200" VPOS="2382" HPOS="853" CONTENT="régent" ID="tl_48_5" STYLEREFS="FONT0"/>
            <SP HEIGHT="80" WIDTH="20" VPOS="2382" HPOS="1053"/>
            <String HEIGHT="80" WIDTH="120" VPOS="2382" HPOS="993" CONTENT="de" ID="tl_48_6" STYLEREFS="FONT0"/>
            <SP HEIGHT="80" WIDTH="20" VPOS="2382" HPOS="1113"/>
            <String HEIGHT="80" WIDTH="120" VPOS="2382" HPOS="1053" CONTENT="la" ID="tl_48_7" STYLEREFS="FONT0"/>
            <SP HEIGHT="80" WIDTH="20" VPOS="2382" HPOS="1173"/>
            <String HEIGHT="80" WIDTH="220" VPOS="2382" HPOS="1113" CONTENT="Faculté" ID="tl_48_8" STYLEREFS="FONT0"/>
            <SP HEIGHT="80" WIDTH="20" VPOS="2382" HPOS="1333"/>
            <String HEIGHT="80" WIDTH="120" VPOS="2382" HPOS="1273" CONTENT="de" ID="tl_48_9" STYLEREFS="FONT0"/>
            <SP HEIGHT="80" WIDTH="20" VPOS="2382" HPOS="1393"/>
            <String HEIGHT="80" WIDTH="200" VPOS="2382" HPOS="1313" CONTENT="médecine" ID="tl_48_10" STYLEREFS="FONT0"/>
          </TextLine>
        </TextBlock>
        <TextBlock ID="r_2_33" HEIGHT="52" WIDTH="1375" VPOS="2454" HPOS="129">
          <TextLine ID="tl_49" BASELINE="2501" HEIGHT="54" WIDTH="1389" VPOS="2447" HPOS="122">
            <String HEIGHT="54" WIDTH="152" VPOS="2447" HPOS="97" CONTENT="de" ID="tl_49_1" STYLEREFS="FONT0"/>
            <SP HEIGHT="54" WIDTH="25" VPOS="2447" HPOS="248"/>
            <String HEIGHT="54" WIDTH="253" VPOS="2447" HPOS="173" CONTENT="Paris." ID="tl_49_2" STYLEREFS="FONT0"/>
            <SP HEIGHT="54" WIDTH="25" VPOS="2447" HPOS="425"/>
            <String HEIGHT="54" WIDTH="253" VPOS="2447" HPOS="349" CONTENT="Quitt." ID="tl_49_3" STYLEREFS="FONT0"/>
            <SP HEIGHT="54" WIDTH="25" VPOS="2447" HPOS="602"/>
            <String HEIGHT="54" WIDTH="202" VPOS="2447" HPOS="526" CONTENT="sig." ID="tl_49_4" STYLEREFS="FONT0"/>
            <SP HEIGHT="54" WIDTH="25" VPOS="2447" HPOS="728"/>
            <String HEIGHT="54" WIDTH="202" VPOS="2447" HPOS="652" CONTENT="(sur" ID="tl_49_5" STYLEREFS="FONT0"/>
            <SP HEIGHT="54" WIDTH="25" VPOS="2447" HPOS="854"/>
            <String HEIGHT="54" WIDTH="303" VPOS="2447" HPOS="779" CONTENT="parch.)." ID="tl_49_6" STYLEREFS="FONT0"/>
            <SP HEIGHT="54" WIDTH="25" VPOS="2447" HPOS="1082"/>
            <String HEIGHT="54" WIDTH="126" VPOS="2447" HPOS="1006" CONTENT="8" ID="tl_49_7" STYLEREFS="FONT0"/>
            <SP HEIGHT="54" WIDTH="25" VPOS="2447" HPOS="1132"/>
            <String HEIGHT="54" WIDTH="278" VPOS="2447" HPOS="1056" CONTENT="février" ID="tl_49_8" STYLEREFS="FONT0"/>
            <SP HEIGHT="54" WIDTH="25" VPOS="2447" HPOS="1334"/>
            <String HEIGHT="54" WIDTH="227" VPOS="2447" HPOS="1258" CONTENT="1608." ID="tl_49_9" STYLEREFS="FONT0"/>
            <SP HEIGHT="54" WIDTH="25" VPOS="2447" HPOS="1486"/>
            <String HEIGHT="54" WIDTH="126" VPOS="2447" HPOS="1410" CONTENT="2" ID="tl_49_10" STYLEREFS="FONT0"/>
            <SP HEIGHT="54" WIDTH="25" VPOS="2447" HPOS="1536"/>
            <String HEIGHT="54" WIDTH="76" VPOS="2447" HPOS="1435" CONTENT="»" ID="tl_49_11" STYLEREFS="FONT0"/>
          </TextLine>
        </TextBlock>
        <TextBlock ID="r_2_34" HEIGHT="52" WIDTH="1426" VPOS="2501" HPOS="80">
          <TextLine ID="tl_50" BASELINE="2556" HEIGHT="70" WIDTH="1443" VPOS="2486" HPOS="72">
            <String HEIGHT="70" WIDTH="136" VPOS="2486" HPOS="55" CONTENT="866." ID="tl_50_1" STYLEREFS="FONT0"/>
            <SP HEIGHT="70" WIDTH="17" VPOS="2486" HPOS="191"/>
            <String HEIGHT="70" WIDTH="323" VPOS="2486" HPOS="140" CONTENT="Cubières" ID="tl_50_2" STYLEREFS="FONT1"/>
            <SP HEIGHT="70" WIDTH="17" VPOS="2486" HPOS="462"/>
            <String HEIGHT="70" WIDTH="136" VPOS="2486" HPOS="412" CONTENT="(Mme" ID="tl_50_3" STYLEREFS="FONT0"/>
            <SP HEIGHT="70" WIDTH="17" VPOS="2486" HPOS="547"/>
            <String HEIGHT="70" WIDTH="153" VPOS="2486" HPOS="496" CONTENT="Aglaé" ID="tl_50_4" STYLEREFS="FONT0"/>
            <SP HEIGHT="70" WIDTH="17" VPOS="2486" HPOS="649"/>
            <String HEIGHT="70" WIDTH="136" VPOS="2486" HPOS="598" CONTENT="de)," ID="tl_50_5" STYLEREFS="FONT0"/>
            <SP HEIGHT="70" WIDTH="17" VPOS="2486" HPOS="734"/>
            <String HEIGHT="70" WIDTH="119" VPOS="2486" HPOS="683" CONTENT="née" ID="tl_50_6" STYLEREFS="FONT0"/>
            <SP HEIGHT="70" WIDTH="17" VPOS="2486" HPOS="802"/>
            <String HEIGHT="70" WIDTH="340" VPOS="2486" HPOS="751" CONTENT="Buffaut," ID="tl_50_7" STYLEREFS="FONT2"/>
            <SP HEIGHT="70" WIDTH="17" VPOS="2486" HPOS="1091"/>
            <String HEIGHT="70" WIDTH="170" VPOS="2486" HPOS="1040" CONTENT="auteur" ID="tl_50_8" STYLEREFS="FONT0"/>
            <SP HEIGHT="70" WIDTH="17" VPOS="2486" HPOS="1209"/>
            <String HEIGHT="70" WIDTH="102" VPOS="2486" HPOS="1158" CONTENT="de" ID="tl_50_9" STYLEREFS="FONT0"/>
            <SP HEIGHT="70" WIDTH="17" VPOS="2486" HPOS="1260"/>
            <String HEIGHT="70" WIDTH="323" VPOS="2486" HPOS="1192" CONTENT="Marguerite" ID="tl_50_10" STYLEREFS="FONT2"/>
          </TextLine>
        </TextBlock>
        <TextBlock ID="r_2_35" HEIGHT="100" WIDTH="1378" VPOS="2550" HPOS="126">
          <TextLine ID="tl_51" BASELINE="2603" HEIGHT="64" WIDTH="1393" VPOS="2539" HPOS="119">
            <String HEIGHT="64" WIDTH="317" VPOS="2539" HPOS="101" CONTENT="Aymond" ID="tl_51_1" STYLEREFS="FONT2"/>
            <SP HEIGHT="64" WIDTH="18" VPOS="2539" HPOS="419"/>
            <String HEIGHT="64" WIDTH="123" VPOS="2539" HPOS="366" CONTENT="des" ID="tl_51_2" STYLEREFS="FONT0"/>
            <SP HEIGHT="64" WIDTH="18" VPOS="2539" HPOS="489"/>
            <String HEIGHT="64" WIDTH="212" VPOS="2539" HPOS="436" CONTENT="Trois" ID="tl_51_3" STYLEREFS="FONT2"/>
            <SP HEIGHT="64" WIDTH="18" VPOS="2539" HPOS="648"/>
            <String HEIGHT="64" WIDTH="317" VPOS="2539" HPOS="595" CONTENT="Soufflets" ID="tl_51_4" STYLEREFS="FONT2"/>
            <SP HEIGHT="64" WIDTH="18" VPOS="2539" HPOS="912"/>
            <String HEIGHT="64" WIDTH="159" VPOS="2539" HPOS="860" CONTENT="etc.," ID="tl_51_5" STYLEREFS="FONT0"/>
            <SP HEIGHT="64" WIDTH="18" VPOS="2539" HPOS="1018"/>
            <String HEIGHT="64" WIDTH="159" VPOS="2539" HPOS="965" CONTENT="femme" ID="tl_51_6" STYLEREFS="FONT0"/>
            <SP HEIGHT="64" WIDTH="18" VPOS="2539" HPOS="1124"/>
            <String HEIGHT="64" WIDTH="106" VPOS="2539" HPOS="1071" CONTENT="du" ID="tl_51_7" STYLEREFS="FONT0"/>
            <SP HEIGHT="64" WIDTH="18" VPOS="2539" HPOS="1177"/>
            <String HEIGHT="64" WIDTH="194" VPOS="2539" HPOS="1124" CONTENT="général" ID="tl_51_8" STYLEREFS="FONT0"/>
            <SP HEIGHT="64" WIDTH="18" VPOS="2539" HPOS="1318"/>
            <String HEIGHT="64" WIDTH="229" VPOS="2539" HPOS="1265" CONTENT="Cubières," ID="tl_51_9" STYLEREFS="FONT0"/>
            <SP HEIGHT="64" WIDTH="18" VPOS="2539" HPOS="1494"/>
            <String HEIGHT="64" WIDTH="88" VPOS="2539" HPOS="1424" CONTENT="mi" SUBS_TYPE="HypPart1" SUBS_CONTENT="ministre" ID="tl_51_10" STYLEREFS="FONT0"/>
            <HYP CONTENT="-"/>
          </TextLine>
          <TextLine ID="tl_52" BASELINE="2653" HEIGHT="57" WIDTH="1391" VPOS="2596" HPOS="121">
            <String HEIGHT="57" WIDTH="244" VPOS="2596" HPOS="97" CONTENT="nistre" SUBS_TYPE="HypPart2" SUBS_CONTENT="ministre" ID="tl_52_1" STYLEREFS="FONT0"/>
            <SP HEIGHT="57" WIDTH="24" VPOS="2596" HPOS="341"/>
            <String HEIGHT="57" WIDTH="146" VPOS="2596" HPOS="267" CONTENT="de" ID="tl_52_2" STYLEREFS="FONT0"/>
            <SP HEIGHT="57" WIDTH="24" VPOS="2596" HPOS="414"/>
            <String HEIGHT="57" WIDTH="146" VPOS="2596" HPOS="341" CONTENT="la" ID="tl_52_3" STYLEREFS="FONT0"/>
            <SP HEIGHT="57" WIDTH="24" VPOS="2596" HPOS="487"/>
            <String HEIGHT="57" WIDTH="268" VPOS="2596" HPOS="414" CONTENT="guerre." ID="tl_52_4" STYLEREFS="FONT0"/>
            <SP HEIGHT="57" WIDTH="24" VPOS="2596" HPOS="682"/>
            <String HEIGHT="57" WIDTH="146" VPOS="2596" HPOS="609" CONTENT="L." ID="tl_52_5" STYLEREFS="FONT0"/>
            <SP HEIGHT="57" WIDTH="24" VPOS="2596" HPOS="755"/>
            <String HEIGHT="57" WIDTH="195" VPOS="2596" HPOS="682" CONTENT="aut." ID="tl_52_6" STYLEREFS="FONT0"/>
            <SP HEIGHT="57" WIDTH="24" VPOS="2596" HPOS="878"/>
            <String HEIGHT="57" WIDTH="220" VPOS="2596" HPOS="804" CONTENT="sig.," ID="tl_52_7" STYLEREFS="FONT0"/>
            <SP HEIGHT="57" WIDTH="24" VPOS="2596" HPOS="1024"/>
            <String HEIGHT="57" WIDTH="122" VPOS="2596" HPOS="951" CONTENT="à" ID="tl_52_8" STYLEREFS="FONT0"/>
            <SP HEIGHT="57" WIDTH="24" VPOS="2596" HPOS="1073"/>
            <String HEIGHT="57" WIDTH="195" VPOS="2596" HPOS="1000" CONTENT="M..." ID="tl_52_9" STYLEREFS="FONT0"/>
            <SP HEIGHT="57" WIDTH="24" VPOS="2596" HPOS="1195"/>
            <String HEIGHT="57" WIDTH="122" VPOS="2596" HPOS="1122" CONTENT="1" ID="tl_52_10" STYLEREFS="FONT0"/>
            <SP HEIGHT="57" WIDTH="24" VPOS="2596" HPOS="1244"/>
            <String HEIGHT="57" WIDTH="146" VPOS="2596" HPOS="1170" CONTENT="p." ID="tl_52_11" STYLEREFS="FONT0"/>
            <SP HEIGHT="57" WIDTH="24" VPOS="2596" HPOS="1317"/>
            <String HEIGHT="57" WIDTH="220" VPOS="2596" HPOS="1244" CONTENT="in-8." ID="tl_52_12" STYLEREFS="FONT0"/>
            <SP HEIGHT="57" WIDTH="24" VPOS="2596" HPOS="1463"/>
            <String HEIGHT="57" WIDTH="122" VPOS="2596" HPOS="1390" CONTENT="4" ID="tl_52_13" STYLEREFS="FONT0"/>
            <SP HEIGHT="57" WIDTH="24" VPOS="2596" HPOS="1512"/>
            <String HEIGHT="57" WIDTH="98" VPOS="2596" HPOS="1414" CONTENT="50" ID="tl_52_14" STYLEREFS="FONT0"/>
          </TextLine>
        </TextBlock>
        <TextBlock ID="r_2_36" HEIGHT="51" WIDTH="1424" VPOS="2645" HPOS="80">
          <TextLine ID="tl_53" BASELINE="2702" HEIGHT="70" WIDTH="1439" VPOS="2632" HPOS="73">
            <String HEIGHT="70" WIDTH="148" VPOS="2632" HPOS="55" CONTENT="867." ID="tl_53_1" STYLEREFS="FONT0"/>
            <SP HEIGHT="70" WIDTH="18" VPOS="2632" HPOS="202"/>
            <String HEIGHT="70" WIDTH="332" VPOS="2632" HPOS="147" CONTENT="Custine" ID="tl_53_2" STYLEREFS="FONT1"/>
            <SP HEIGHT="70" WIDTH="18" VPOS="2632" HPOS="479"/>
            <String HEIGHT="70" WIDTH="129" VPOS="2632" HPOS="424" CONTENT="(le" ID="tl_53_3" STYLEREFS="FONT0"/>
            <SP HEIGHT="70" WIDTH="18" VPOS="2632" HPOS="553"/>
            <String HEIGHT="70" WIDTH="203" VPOS="2632" HPOS="497" CONTENT="marquis" ID="tl_53_4" STYLEREFS="FONT0"/>
            <SP HEIGHT="70" WIDTH="18" VPOS="2632" HPOS="700"/>
            <String HEIGHT="70" WIDTH="111" VPOS="2632" HPOS="645" CONTENT="A." ID="tl_53_5" STYLEREFS="FONT0"/>
            <SP HEIGHT="70" WIDTH="18" VPOS="2632" HPOS="756"/>
            <String HEIGHT="70" WIDTH="148" VPOS="2632" HPOS="700" CONTENT="de)," ID="tl_53_6" STYLEREFS="FONT0"/>
            <SP HEIGHT="70" WIDTH="18" VPOS="2632" HPOS="848"/>
            <String HEIGHT="70" WIDTH="295" VPOS="2632" HPOS="793" CONTENT="littérateur," ID="tl_53_7" STYLEREFS="FONT0"/>
            <SP HEIGHT="70" WIDTH="18" VPOS="2632" HPOS="1088"/>
            <String HEIGHT="70" WIDTH="184" VPOS="2632" HPOS="1032" CONTENT="auteur" ID="tl_53_8" STYLEREFS="FONT0"/>
            <SP HEIGHT="70" WIDTH="18" VPOS="2632" HPOS="1217"/>
            <String HEIGHT="70" WIDTH="148" VPOS="2632" HPOS="1161" CONTENT="d’un" ID="tl_53_9" STYLEREFS="FONT0"/>
            <SP HEIGHT="70" WIDTH="18" VPOS="2632" HPOS="1309"/>
            <String HEIGHT="70" WIDTH="277" VPOS="2632" HPOS="1235" CONTENT="Voyage" ID="tl_53_10" STYLEREFS="FONT2"/>
          </TextLine>
        </TextBlock>
        <TextBlock ID="r_2_37" HEIGHT="96" WIDTH="1378" VPOS="2694" HPOS="126">
          <TextLine ID="tl_54" BASELINE="2740" HEIGHT="55" WIDTH="1393" VPOS="2685" HPOS="118">
            <String HEIGHT="55" WIDTH="182" VPOS="2685" HPOS="98" CONTENT="en" ID="tl_54_1" STYLEREFS="FONT2"/>
            <SP HEIGHT="55" WIDTH="20" VPOS="2685" HPOS="280"/>
            <String HEIGHT="55" WIDTH="303" VPOS="2685" HPOS="219" CONTENT="Russie" ID="tl_54_2" STYLEREFS="FONT2"/>
            <SP HEIGHT="55" WIDTH="20" VPOS="2685" HPOS="522"/>
            <String HEIGHT="55" WIDTH="162" VPOS="2685" HPOS="461" CONTENT="etc." ID="tl_54_3" STYLEREFS="FONT0"/>
            <SP HEIGHT="55" WIDTH="20" VPOS="2685" HPOS="623"/>
            <String HEIGHT="55" WIDTH="121" VPOS="2685" HPOS="562" CONTENT="L." ID="tl_54_4" STYLEREFS="FONT0"/>
            <SP HEIGHT="55" WIDTH="20" VPOS="2685" HPOS="683"/>
            <String HEIGHT="55" WIDTH="162" VPOS="2685" HPOS="623" CONTENT="aut." ID="tl_54_5" STYLEREFS="FONT0"/>
            <SP HEIGHT="55" WIDTH="20" VPOS="2685" HPOS="784"/>
            <String HEIGHT="55" WIDTH="182" VPOS="2685" HPOS="724" CONTENT="sig.," ID="tl_54_6" STYLEREFS="FONT0"/>
            <SP HEIGHT="55" WIDTH="20" VPOS="2685" HPOS="905"/>
            <String HEIGHT="55" WIDTH="101" VPOS="2685" HPOS="845" CONTENT="à" ID="tl_54_7" STYLEREFS="FONT0"/>
            <SP HEIGHT="55" WIDTH="20" VPOS="2685" HPOS="946"/>
            <String HEIGHT="55" WIDTH="141" VPOS="2685" HPOS="885" CONTENT="Mme" ID="tl_54_8" STYLEREFS="FONT0"/>
            <SP HEIGHT="55" WIDTH="20" VPOS="2685" HPOS="1026"/>
            <String HEIGHT="55" WIDTH="283" VPOS="2685" HPOS="966" CONTENT="Duchambge." ID="tl_54_9" STYLEREFS="FONT0"/>
            <SP HEIGHT="55" WIDTH="20" VPOS="2685" HPOS="1249"/>
            <String HEIGHT="55" WIDTH="202" VPOS="2685" HPOS="1188" CONTENT="Paris," ID="tl_54_10" STYLEREFS="FONT0"/>
            <SP HEIGHT="55" WIDTH="20" VPOS="2685" HPOS="1390"/>
            <String HEIGHT="55" WIDTH="101" VPOS="2685" HPOS="1329" CONTENT="6" ID="tl_54_11" STYLEREFS="FONT0"/>
            <SP HEIGHT="55" WIDTH="20" VPOS="2685" HPOS="1430"/>
            <String HEIGHT="55" WIDTH="162" VPOS="2685" HPOS="1349" CONTENT="décem" SUBS_TYPE="HypPart1" SUBS_CONTENT="décembre...." ID="tl_54_12" STYLEREFS="FONT0"/>
            <HYP CONTENT="-"/>
          </TextLine>
          <TextLine ID="tl_55" BASELINE="2788" HEIGHT="50" WIDTH="1392" VPOS="2738" HPOS="118">
            <String HEIGHT="50" WIDTH="494" VPOS="2738" HPOS="73" CONTENT="bre...." SUBS_TYPE="HypPart2" SUBS_CONTENT="décembre...." ID="tl_55_1" STYLEREFS="FONT0"/>
            <SP HEIGHT="50" WIDTH="45" VPOS="2738" HPOS="567"/>
            <String HEIGHT="50" WIDTH="225" VPOS="2738" HPOS="432" CONTENT="1" ID="tl_55_2" STYLEREFS="FONT0"/>
            <SP HEIGHT="50" WIDTH="45" VPOS="2738" HPOS="657"/>
            <String HEIGHT="50" WIDTH="269" VPOS="2738" HPOS="522" CONTENT="p." ID="tl_55_3" STYLEREFS="FONT0"/>
            <SP HEIGHT="50" WIDTH="45" VPOS="2738" HPOS="792"/>
            <String HEIGHT="50" WIDTH="404" VPOS="2738" HPOS="657" CONTENT="in-8." ID="tl_55_4" STYLEREFS="FONT0"/>
            <SP HEIGHT="50" WIDTH="45" VPOS="2738" HPOS="1061"/>
            <String HEIGHT="50" WIDTH="494" VPOS="2738" HPOS="926" CONTENT="Cachet." ID="tl_55_5" STYLEREFS="FONT0"/>
            <SP HEIGHT="50" WIDTH="45" VPOS="2738" HPOS="1420"/>
            <String HEIGHT="50" WIDTH="225" VPOS="2738" HPOS="1285" CONTENT="4" ID="tl_55_6" STYLEREFS="FONT0"/>
            <SP HEIGHT="50" WIDTH="45" VPOS="2738" HPOS="1510"/>
            <String HEIGHT="50" WIDTH="180" VPOS="2738" HPOS="1330" CONTENT="50" ID="tl_55_7" STYLEREFS="FONT0"/>
          </TextLine>
        </TextBlock>
        <TextBlock ID="r_2_38" HEIGHT="52" WIDTH="1425" VPOS="2789" HPOS="79">
          <TextLine ID="tl_56" BASELINE="2846" HEIGHT="73" WIDTH="1441" VPOS="2773" HPOS="70">
            <String HEIGHT="73" WIDTH="165" VPOS="2773" HPOS="49" CONTENT="868." ID="tl_56_1" STYLEREFS="FONT0"/>
            <SP HEIGHT="73" WIDTH="21" VPOS="2773" HPOS="214"/>
            <String HEIGHT="73" WIDTH="350" VPOS="2773" HPOS="152" CONTENT="Damman" ID="tl_56_2" STYLEREFS="FONT1"/>
            <SP HEIGHT="73" WIDTH="21" VPOS="2773" HPOS="502"/>
            <String HEIGHT="73" WIDTH="165" VPOS="2773" HPOS="441" CONTENT="(dom" ID="tl_56_3" STYLEREFS="FONT0"/>
            <SP HEIGHT="73" WIDTH="21" VPOS="2773" HPOS="605"/>
            <String HEIGHT="73" WIDTH="288" VPOS="2773" HPOS="543" CONTENT="Grégoire)," ID="tl_56_4" STYLEREFS="FONT0"/>
            <SP HEIGHT="73" WIDTH="21" VPOS="2773" HPOS="832"/>
            <String HEIGHT="73" WIDTH="309" VPOS="2773" HPOS="770" CONTENT="bénédictin." ID="tl_56_5" STYLEREFS="FONT0"/>
            <SP HEIGHT="73" WIDTH="21" VPOS="2773" HPOS="1079"/>
            <String HEIGHT="73" WIDTH="124" VPOS="2773" HPOS="1017" CONTENT="L." ID="tl_56_6" STYLEREFS="FONT0"/>
            <SP HEIGHT="73" WIDTH="21" VPOS="2773" HPOS="1140"/>
            <String HEIGHT="73" WIDTH="165" VPOS="2773" HPOS="1079" CONTENT="aut." ID="tl_56_7" STYLEREFS="FONT0"/>
            <SP HEIGHT="73" WIDTH="21" VPOS="2773" HPOS="1243"/>
            <String HEIGHT="73" WIDTH="185" VPOS="2773" HPOS="1182" CONTENT="sig.," ID="tl_56_8" STYLEREFS="FONT0"/>
            <SP HEIGHT="73" WIDTH="21" VPOS="2773" HPOS="1367"/>
            <String HEIGHT="73" WIDTH="124" VPOS="2773" HPOS="1305" CONTENT="au" ID="tl_56_9" STYLEREFS="FONT0"/>
            <SP HEIGHT="73" WIDTH="21" VPOS="2773" HPOS="1429"/>
            <String HEIGHT="73" WIDTH="165" VPOS="2773" HPOS="1346" CONTENT="cardi" ID="tl_56_10" STYLEREFS="FONT0"/>
          </TextLine>
        </TextBlock>
      </PrintSpace>
    </Page>
  </Layout>
</alto>
