1334 2143
7 3 292 98 CABINET
220 3 451 98 D’AUTOGRAPHES
591 3 159 98 DE
670 3 159 98 M.
750 3 292 98 ÉTIENNE
935 3 292 98 CHARAVAYb

269 117 180 78 rue
372 117 154 78 de
449 117 257 78 Seine,
630 117 180 78 51,
732 117 129 78 à
758 117 206 78 Paris.

61 307 184 68 Outre
183 307 143 68 les
265 307 205 68 pièces
409 307 266 68 contenues
614 307 164 68 dans
716 307 123 68 ce
777 307 287 68 catalogue,
1003 307 123 68 M.
1044 307 184 68 Étienne

32 365 235 56 Charavay
209 365 216 56 possède
366 365 137 56 une
444 365 274 56 collection
660 365 412 56 très-considérable
1012 365 118 56 de
1052 365 176 56 lettres

28 414 268 55 autographes
243 414 107 55 de
297 414 251 55 célébrités
493 414 251 55 françaises
690 414 107 55 et
744 414 251 55 étrangères
941 414 107 55 en
994 414 143 55 tous
1066 414 161 55 genres,

23 457 247 60 classées
208 457 185 60 comme
311 457 144 60 suit:

637 478 274 78 souverains
853 478 274 78 étrangers;
1068 478 98 78 —
1087 478 137 78 écri-

68 501 166 56 Rois
172 501 125 56 et
234 501 208 56 reines
380 501 125 56 de
421 501 187 56 France;

649 527 229 77 clergé:
816 527 104 77 —
857 527 208 77 hommes
982 527 187 77 d’État;

215 550 237 54 académie
373 550 237 54 française;

27 549 220 59 vains;
159 549 66 59 —

723 588 241 64 peintres;
909 588 93 64 —
928 588 241 64 sculpteurs;

494 590 188 58 savants;

30 593 277 54 maréchaux
243 593 128 54 de
307 593 235 54 France;
456 593 64 54 —

624 631 348 61 compositeurs
907 631 131 61 de
951 631 218 61 musique;

215 630 114 66 —
238 630 320 66 architectes;

7 640 236 60 graveurs;

712 675 254 61 documents
887 675 273 61 historiques;

250 687 261 50 révolution
437 687 223 50 française;

51 693 222 43 —

13 687 194 51 acteurs;

36 713 222 74 chartes;
202 713 92 74 —
239 713 240 74 documents
424 713 129 74 sur
498 713 129 74 les
572 713 240 74 provinces
756 713 111 74 de
812 713 185 74 France
941 713 111 74 et
997 713 129 74 les
1052 713 185 74 familles

33 777 204 57 nobles:
164 777 112 57 etc.

72 807 115 70 M.
129 807 210 70 Étienne
282 807 229 70 Charavay
454 807 153 70 prie
550 807 134 70 MM.
626 807 134 70 les
703 807 229 70 amateurs
875 807 115 70 de
932 807 134 70 lui
989 807 249 70 transmettre

33 856 157 63 leurs
137 856 174 63 listes
259 856 105 63 de
311 856 261 63 desiderata;
521 856 105 63 il
573 856 244 63 s’occupera
764 856 209 63 aussitôt
921 856 105 63 de
974 856 122 63 les
1026 856 209 63 satisfaire

43 908 111 54 de
98 908 129 54 son
172 908 184 54 mieux.
300 908 111 54 Il
356 908 129 54 les
429 908 221 54 prévient
595 908 166 54 aussi
706 908 166 54 qu’il
816 908 129 54 met
890 908 92 54 à
927 908 147 54 leur
1001 908 239 54 disposition

44 943 127 63 des
117 943 255 63 cartons
317 943 309 63 d’autographes
571 943 91 63 à
608 943 145 63 prix
698 943 218 63 marqués,
862 943 109 63 de
917 943 109 63 50
971 943 218 63 centimes
1117 943 127 63 à

34 996 85 66 3
68 996 307 66 francs
323 996 136 66 dans
409 996 204 66 lesquels
562 996 119 66 ils
630 996 204 66 pourront
783 996 153 66 venir
885 996 153 66 faire
988 996 119 66 des
1039 996 204 66 recherches

40 1056 147 59 tous
131 1056 128 59 les
205 1056 183 59 jours,
333 1056 110 59 de
388 1056 147 59 neuf
480 1056 183 59 heures
608 1056 110 59 du
663 1056 165 59 matin
773 1056 92 59 à
809 1056 128 59 six
883 1056 183 59 heures
1011 1056 110 59 du
1048 1056 128 59 soir.

492 1149 138 62 Æ

92 1291 466 73 PROCHAINES
458 1291 333 73 VENTES
658 1291 499 73 D’AUTOGRAPHES

469 1424 123 59 EN
511 1424 308 59 DISTRIBUTION.

91 1501 267 70 Calalogue
308 1501 100 70 de
358 1501 100 70 la
408 1501 233 70 collection
592 1501 100 70 de
642 1501 117 70 feu
708 1501 100 70 M.
758 1501 300 70 Mahérault,
1009 1501 133 70 dont
1092 1501 100 70 la
1125 1501 117 70 vente

511 1556 103 69 —
553 1556 165 69 Elle
655 1556 247 69 comprend
841 1556 226 69 surtout
1005 1556 144 69 des
1067 1556 185 69 acteurs

39 1563 154 56 aura
135 1563 154 56 lieu
231 1563 115 56 le
288 1563 96 56 4
327 1563 154 56 mars
404 1563 134 56 1880.

46 1608 118 71 et
105 1608 138 71 des
184 1608 197 71 hommes
322 1608 118 71 de
361 1608 177 71 guerre.

471 1670 132 60 EN
515 1670 308 60 PRÉPARATION.

930 1699 169 80 Cette
1043 1699 188 80 vente,
1156 1699 94 80 qui

89 1728 274 72 Collection
315 1728 97 72 de
363 1728 97 72 M.
411 1728 210 72 Lefèbvre,
572 1728 161 72 ancien
685 1728 274 72 libraire
895 1728 48 72 —

45 1767 153 76 sera
141 1767 191 76 suivie
274 1767 230 76 d’autres
447 1767 191 76 ventes
580 1767 249 76 provenant
772 1767 115 76 du
829 1767 153 76 même
925 1767 191 76 fonds,
1059 1767 153 76 aura
1135 1767 115 76 deux

56 1812 245 70 vacations
245 1812 113 70 et
301 1812 264 70 comprendra
509 1812 132 70 des
585 1812 283 70 autographes
811 1812 113 70 en
868 1812 151 70 tout
943 1812 151 70 genre.

94 1866 308 79 Collection
348 1866 254 79 comprenant
547 1866 127 79 une
620 1866 181 79 partie
746 1866 109 79 de
801 1866 109 79 la
855 1866 326 79 correspondance
1109 1866 145 79 de

56 1916 261 77 Voltaire
264 1916 104 77 et
317 1916 122 77 une
386 1916 244 77 importante
578 1916 157 77 série
682 1916 104 77 de
734 1916 226 77 documents
908 1916 226 77 provenant
1082 1916 104 77 de
1117 1916 139 77 la

56 1976 210 77 vanque
217 1976 97 77 de
266 1976 291 77 Saint-Georges,
508 1976 81 77 à
524 1976 194 77 Gènes

102 2035 258 73 Collection
314 2035 258 73 d’autographes
512 2035 197 73 divers
