1293 2093
524 18 140 66 —
580 18 140 66 6
608 18 84 66 —

184 81 114 70 née
249 81 82 70 à
282 81 180 70 Rouen.—
412 81 98 70 L.
461 81 98 70 a.
510 81 98 70 s.
559 81 82 70 à
592 81 98 70 un
641 81 196 70 éditeur;
788 81 163 70 Paris,
902 81 82 70 6
935 81 131 70 mars
1000 81 98 70 1787

188 141 67 57 1
214 141 80 57 p.
254 141 94 57 3/4
308 141 120 57 in-4.
388 141 80 57 12
415 141 40 57 »

188 183 152 49 Relative
303 183 64 49 à
328 183 76 49 la
366 183 191 49 publication
519 183 102 49 d’un
582 183 76 49 de
620 183 89 49 ses
658 183 140 49 ouvrages.

153 208 162 78 29251.
266 208 162 78 DULONG
380 208 195 78 (P.-L.),
526 208 179 78 célèbre
656 208 195 78 chimiste
802 208 97 78 et
851 208 227 78 physicien,
1029 208 114 78 qui
1078 208 130 78 décou-

625 256 85 69 vrit
678 256 64 69 le
710 256 127 69 chlorure
806 256 127 69 d’azote.
901 256 53 69 —
922 256 64 69 L.
954 256 64 69 a.
986 256 64 69 s.
1018 256 64 69 au
1049 256 117 69 peintre
1124 256 95 69 Boilly-

194 304 151 55 Paris,
300 304 91 55 12
345 304 136 55 avril
436 304 136 55 1825,
527 304 76 55 1
557 304 91 55 p.
603 304 136 55 in-8.
693 304 76 55 4
709 304 45 55 »

188 345 80 56 Il
228 345 93 56 lui
281 345 119 56 mande
360 345 119 56 qu’il
440 345 93 56 est
493 345 80 56 né
533 345 66 56 à
559 345 119 56 Rouen
639 345 80 56 le
679 345 80 56 12
718 345 146 56 février
811 345 93 56 1785.

167 383 110 77 29252.
244 383 142 77 DUMOURIEZ
353 383 153 77 (Ch.-Fr.),
474 383 66 77 le
507 383 120 77 célèbre
594 383 131 77 général.
693 383 55 77 —
715 383 66 77 L.
748 383 66 77 a.
780 383 66 77 s.
813 383 55 77 à
824 383 66 77 Dou-

188 431 144 74 merc;
284 431 96 74 27
332 431 128 74 juin
413 431 144 74 1792,
509 431 80 74 1
541 431 96 74 p.
589 431 112 74 pl.
653 431 144 74 in-4.
749 431 144 74 Belle
846 431 176 74 lettre.
974 431 80 74 6
990 431 48 74 »

14 472 184 79 29253.
142 472 165 79 DUPRÉ
252 472 202 79 (Jean),
399 472 110 79 le
454 472 202 79 célèbre
601 472 239 79 sculpteur
785 472 220 79 italien.
950 472 92 79 —
986 472 110 79 Sa
1023 472 202 79 signature

194 538 110 54 et
249 538 92 54 5
285 538 184 54 lignes
414 538 275 54 autographes
634 538 110 54 au
689 538 129 54 bas
763 538 110 54 de
818 538 110 54 la
873 538 294 54 photographie
1112 538 110 54 de
1149 538 73 54 sa

195 572 158 53 statue
306 572 95 53 du
353 572 111 53 duc
416 572 205 53 Camerini,
575 572 174 53 in-fol.
701 572 95 53 12
733 572 47 53 »

186 615 123 58 C’est
269 615 82 58 un
310 615 164 58 jugement
433 615 82 58 de
474 615 123 58 Dupré
556 615 96 58 sur
611 615 82 58 le
652 615 96 58 duc
693 615 151 58 Camerini.

170 651 128 70 29254.
260 651 141 70 FARADAY
362 651 166 70 (Michel),
490 651 179 70 l’illustre
631 651 128 70 savant
720 651 154 70 anglais.
835 651 64 70 —
861 651 77 70 L.
899 651 77 70 a.
925 651 64 70 s.;

195 698 135 62 1835,
285 698 105 62 3/4
345 698 90 62 de
390 698 90 62 p.
436 698 135 62 in-4.
526 698 75 62 5
541 698 45 62 »

160 728 159 91 29255.
272 728 175 91 FAURIEL
399 728 159 91 (Cl.),
511 728 159 91 savant
622 728 239 91 historien.—
814 728 96 91 L.
861 728 96 91 a.
909 728 112 91 s.,
973 728 80 91 1
1005 728 96 91 p.
1053 728 143 91 in-8.
1148 728 80 91 3
1164 728 64 91 50

166 800 159 58 29256.
277 800 143 58 FAVRE
373 800 191 58 (Jules),
515 800 95 58 le
563 800 143 58 grand
658 800 175 58 orateur
785 800 191 58 parlemen
928 800 159 58 taire.
1039 800 79 58 —
1071 800 95 58 L.
1119 800 95 58 a.
1151 800 79 58 s.,

201 857 61 62 1
225 857 73 62 p.
262 857 109 62 in-8.
334 857 61 62 3
347 857 36 62 »

162 895 160 62 29257.
274 895 192 62 FLÉCHIER
418 895 208 62 (Esprit),
578 895 160 62 évêque
690 895 96 62 de
739 895 160 62 Nîmes,
851 895 192 62 illustre
995 895 176 62 orateur
1107 895 112 62 chré-

199 948 164 46 tien,
308 948 109 46 de
363 948 201 46 l’Acad.
509 948 128 46 fr.
582 948 91 46 —
618 948 109 46 L.
673 948 109 46 a.
728 948 109 46 s.
782 948 91 46 à
819 948 109 46 M.
874 948 219 46 Léonard;
1019 948 201 46 Narbonne,

198 983 90 58 23
243 983 120 58 déc.
318 983 134 58 1694,
407 983 75 58 2
437 983 90 58 p.
482 983 105 58 3/4
542 983 134 58 in-4.
631 983 90 58 35
661 983 45 58 »

192 1016 112 57 Jolie
266 1016 124 57 lettre
353 1016 75 57 de
391 1016 199 57 félicitation
552 1016 87 57 sur
602 1016 87 57 son
652 1016 149 57 agréable
764 1016 162 57 solitude.
888 1016 199 57 Remerciement
1050 1016 100 57 d’un
1100 1016 124 57 portrait

171 1065 70 53 de
206 1065 129 53 l’oncle
300 1065 70 53 de
336 1065 153 53 Fléchier,
453 1065 70 53 et
488 1065 106 53 envoi
558 1065 70 53 de
594 1065 82 53 son
641 1065 176 53 Histoire
781 1065 70 53 du
817 1065 141 53 cardinal
922 1065 70 53 de
946 1065 164 53 Ximenez

163 1110 155 53 29258.
272 1110 155 53 FLEURY
381 1110 109 53 (le
443 1110 186 53 cardinal
583 1110 140 53 A.-H.
676 1110 124 53 de),
754 1110 171 53 premier
878 1110 186 53 ministre
1018 1110 93 53 de
1065 1110 140 53 Louis
1142 1110 78 53 XV,

450 1149 82 61 de
491 1149 150 61 l’Acad.
601 1149 96 61 fr.
655 1149 68 61 —
683 1149 82 61 L.
724 1149 82 61 a.
765 1149 82 61 s.
806 1149 68 61 à
833 1149 82 61 la
874 1149 164 61 comtesse
997 1149 82 61 de
1038 1149 137 61 Mailly
1120 1149 96 61 (mai-

205 1183 155 56 tresse
313 1183 93 56 de
359 1183 139 56 Louis
452 1183 124 56 XV),
529 1183 108 56 1/2
591 1183 93 56 p.
638 1183 139 56 in-4.
731 1183 93 56 15
762 1183 46 56 »

199 1231 75 51 Il
237 1231 88 51 lui
287 1231 126 51 envoie
376 1231 75 51 ce
413 1231 138 51 qu’elle
514 1231 63 51 a
539 1231 138 51 demandé
640 1231 75 51 et
678 1231 151 51 proteste
791 1231 75 51 de
828 1231 88 51 son
879 1231 164 51 affection
1005 1231 101 51 pour
1055 1231 88 51 elle.

167 1272 84 80 29259.
225 1272 100 80 FRANÇOIS
300 1272 67 80 Ier,
342 1272 58 80 roi
376 1272 50 80 de
401 1272 92 80 France.
467 1272 42 80 —
484 1272 50 80 L.
509 1272 50 80 s.
534 1272 50 80 au
559 1272 75 80 sieur
609 1272 50 80 de
626 1272 67 80 Helly,

200 1319 268 58 gouverneur
410 1319 115 58 de
468 1319 210 58 Hesdin;
621 1319 325 58 Saint-Germain
889 1319 115 58 en
946 1319 172 58 Laye,
1061 1319 115 58 13
1099 1319 115 58 mars

204 1366 126 51 1543,
288 1366 98 51 1/2
344 1366 84 51 p.
386 1366 154 51 in-fol.
497 1366 84 51 20
525 1366 42 51 »

199 1400 78 45 Il
238 1400 78 45 le
277 1400 156 45 prévient
394 1400 117 45 qu’il
472 1400 130 45 envoie
563 1400 91 45 par
615 1400 104 45 delà
680 1400 78 45 le
720 1400 91 45 duc
772 1400 78 45 de
811 1400 156 45 Vendôme,
928 1400 130 45 chargé
1019 1400 78 45 de
1058 1400 156 45 réprimer
1162 1400 65 45 les

172 1446 116 34 excès
250 1446 181 34 exécrables
392 1446 90 34 que
443 1446 181 34 commettent
585 1446 90 34 les
637 1446 168 34 enseignes
766 1446 181 34 italiennes
908 1446 77 34 on
947 1446 155 34 garnison
1063 1446 65 34 à
1089 1446 142 34 Hesdin,
1179 1446 52 34 et

164 1475 110 53 qu’il
237 1475 122 53 entend
322 1475 85 53 que
371 1475 110 53 bonne
444 1475 134 53 justice
541 1475 97 53 soit
602 1475 110 53 faite
675 1475 85 53 des
724 1475 134 53 auteurs
821 1475 73 53 de
858 1475 85 53 ces
906 1475 122 53 excès,
992 1475 97 53 afin
1053 1475 85 53 qué
1101 1475 85 53 ces
1150 1475 73 53 It
1174 1475 49 53 a-

172 1505 117 55 liens
250 1505 156 55 prennent
367 1505 117 55 autre
446 1505 117 55 forme
524 1505 78 55 de
550 1505 104 55 vivre.

173 1526 148 78 26260.
277 1526 177 78 FRÉDÉRIC
409 1526 103 78 II,
468 1526 103 78 roi
527 1526 89 78 de
572 1526 162 78 Prusse,
690 1526 103 78 dit
749 1526 133 78 le
837 1526 221 78 Grand—
1015 1526 89 78 L.
1059 1526 89 78 s.
1103 1526 89 78 au
1133 1526 103 78 minis

205 1595 126 48 tre
277 1595 179 48 d’atat
402 1595 126 48 von
474 1595 197 48 Brandt;
618 1595 197 48 Berlin,
761 1595 108 48 30
815 1595 126 48 mai
887 1595 162 48 1731,
995 1595 126 48 1/2
1066 1595 108 48 p.
1102 1595 126 48 in

213 1634 226 65 Intéressante.
399 1634 80 65 10
425 1634 40 65 »

182 1691 163 60 29261.
296 1691 180 60 GARNIER
427 1691 163 60 (Ch.),
541 1691 262 60 l’architecte
754 1691 98 60 du
803 1691 163 60 nouvel
917 1691 163 60 opéra.
1032 1691 82 60 —
1065 1691 98 60 L.
1114 1691 98 60 a.
1146 1691 82 60 s.»

207 1744 56 61 1
229 1744 67 61 p.
263 1744 100 61 in-8.
329 1744 56 61 2
340 1744 45 61 50

164 1778 163 72 29262.
278 1778 179 72 GARNIER
408 1778 228 72 (Adolphe),
588 1778 245 72 philosophe,
784 1778 163 72 membre
898 1778 98 72 de
947 1778 245 72 l’institut.
1126 1778 49 72 —

212 1849 80 63 L.
252 1849 80 63 a.
291 1849 93 63 s.,
344 1849 66 63 2
371 1849 80 63 p.
411 1849 119 63 in-8.
490 1849 66 63 2
503 1849 40 63 »

172 1876 163 82 29263.
286 1876 179 82 GENDRON
416 1876 179 82 (Claude
546 1876 212 82 Deshais),
709 1876 163 82 savant
823 1876 179 82 médecin
953 1876 114 82 qui
1018 1876 114 82 fut
1083 1876 114 82 lié
1132 1876 98 82 avec

204 1951 142 53 les
285 1951 203 53 hommes
427 1951 142 53 les
508 1951 162 53 plus
609 1951 284 53 distingnés
832 1951 122 53 de
893 1951 142 53 son
974 1951 203 53 temps,
1095 1951 142 53 entre

208 1985 171 51 autres
328 1985 137 51 avec
413 1985 222 51 Voltaire,
584 1985 103 51 né
635 1985 85 51 à
669 1985 154 51 Voves
772 1985 325 51 (Eure-et-Loir).
1046 1985 85 51 —
1063 1985 68 51 L.
