1251 2014
519 -2 127 57 —
569 -2 152 57 15
620 -2 76 57 —

153 38 141 79 27514.
252 38 155 79 CHARLES
365 38 113 79 III,
435 38 99 79 dit
492 38 127 79 le
576 38 169 79 Bon,
703 38 99 79 duc
760 38 85 79 de
802 38 155 79 Savoie,
915 38 198 79 adversaire
1070 38 85 79 de
1098 38 99 79 Fran-

284 109 122 49 çois
360 109 122 49 Ier.
437 109 76 49 —
467 109 92 49 L.
513 109 107 49 s.,
574 109 122 49 avec
651 109 76 49 2
681 109 153 49 lignes
788 109 138 49 aut.,
880 109 76 49 à
911 109 92 49 A.
956 109 138 49 Bane;
1033 109 168 49 Chambéry,

163 151 74 44 23
200 151 111 44 juin,
274 151 87 44 1/2
324 151 74 44 p.
361 151 111 44 in-4,
435 151 136 44 cachet.
534 151 198 44 Rare
695 151 74 44 15
720 151 37 44 »

157 188 139 53 27515.
254 188 152 53 COLBERT
365 188 166 53 (J.-B.),
490 188 83 53 le
531 188 125 53 grand
614 188 166 53 ministre
739 188 83 53 de
781 188 125 53 Louis
864 188 111 53 XIV.
933 188 69 53 —
961 188 83 53 L.
989 188 55 53 a.

155 227 105 56 s.
207 227 105 56 au
259 227 209 56 cardinal
416 227 209 56 Mazarin;
573 227 175 56 Paris,
696 227 105 56 27
748 227 140 56 nov.
835 227 157 56 1655,
940 227 122 56 1/2
992 227 70 56 p.

156 265 84 52 in-4.
212 265 56 52 75
230 265 28 52 »

182 312 83 37 Il
224 312 96 37 lui
279 312 138 37 envoie
375 312 220 37 l’inventaire
554 312 96 37 des
609 312 138 37 hardes
705 312 179 37 apportées
842 312 220 37 d’Angleterre
1021 312 96 37 par
1076 312 83 37 le
1104 312 96 37 sieur

149 331 154 54 Lescot.
261 331 70 54 —
289 331 84 54 La
331 331 195 54 réponse
484 331 195 54 autographe
638 331 140 54 signée
735 331 84 54 du
777 331 168 54 cardinal
903 331 209 54 Mazarin
1070 331 84 54 se
1098 331 112 54 trouve

154 376 79 36 au
193 376 92 36 bas
246 376 79 36 de
285 376 79 36 la
325 376 131 36 lettre
417 376 79 36 de
456 376 145 36 Colbert
561 376 79 36 et
601 376 145 36 remplit
706 376 79 36 le
745 376 118 36 reste
824 376 79 36 de
864 376 79 36 la
890 376 92 36 page.

162 397 144 55 27516.
263 397 144 55 DARBOY
364 397 130 55 (G.),
450 397 202 55 archevêque
609 397 87 55 de
652 397 144 55 Paris,
753 397 173 55 illustre
883 397 159 55 victime
998 397 87 55 de
1027 397 58 55 la

566 443 101 66 Commune
639 443 55 66 de
667 443 83 66 1871.
722 443 46 66 —
740 443 55 66 L.
768 443 55 66 a.
795 443 55 66 s.
823 443 46 66 à
841 443 92 66 l’abbé
906 443 129 66 Coquereau;
998 443 73 66 Paris,

153 489 108 64 25
207 489 144 64 août
297 489 162 64 1864,
404 489 90 64 1
440 489 108 64 p.
494 489 162 64 in-8,
602 489 233 64 enveloppe
782 489 108 64 et
836 489 198 64 cachet.
961 489 126 64 Jolie

159 530 93 46 lettre.
226 530 51 46 10
243 530 25 46 »

156 549 113 70 27517.
235 549 237 70 DENFERT-ROCHEREAU
438 549 79 70 (le
483 549 147 70 colonel),
595 549 147 70 défenseur
708 549 68 70 de
731 549 90 70 Béfort

164 611 82 44 contre
221 611 57 44 les
254 611 115 44 Prussiens.
344 611 41 44 —
361 611 49 44 L.
385 611 49 44 a.
410 611 57 44 s.,
442 611 57 44 1/2
475 611 49 44 p.
500 611 74 44 in-8.
549 611 41 44 3
557 611 33 44 50

160 650 152 65 27518.
266 650 349 65 EMMANUEL-PHILIBERT,
569 650 106 65 duc
630 650 91 65 de
675 650 167 65 Savoie,
797 650 106 65 dit
857 650 167 65 Tête
979 650 91 65 de
1024 650 182 65 fer
1145 650 61 65 un

152 697 125 48 des
224 697 197 48 princes
367 697 125 48 les
438 697 143 48 plus
528 697 232 48 illustres
706 697 107 48 de
760 697 107 48 sa
814 697 197 48 maison.
957 697 89 48 —
992 697 107 48 P.
1046 697 125 48 s.,
1100 697 107 48 camp

157 733 191 50 devant
291 733 344 50 Saint-Quentin,
577 733 115 50 15
634 733 153 50 août
730 733 172 50 1557,
844 733 95 50 1
882 733 115 50 p.
940 733 172 50 grand
1035 733 172 50 in

156 773 148 56 oblong.
263 773 148 56 Jaunie.
371 773 81 56 30
398 773 40 56 »

187 818 174 39 Important
321 818 161 39 document
441 818 201 39 historique.
602 818 121 39 C’est
682 818 80 39 la
723 818 214 39 proclamation
897 818 174 39 originale
1017 818 188 39 qu’Emmanuel-

158 850 174 37 Philibert
292 850 161 37 adressa,
412 850 121 37 après
492 850 80 37 la
533 850 161 37 victoire
653 850 80 37 de
693 850 241 37 Saint-Quentin,
894 850 67 37 à
921 850 94 37 ses
974 850 147 37 sujets,
1081 850 107 37 pour
1135 850 67 37 les

155 882 159 55 exhorter
274 882 66 55 à
300 882 145 55 chasser
406 882 93 55 les
459 882 159 55 Français
578 882 79 55 de
617 882 79 55 la
657 882 132 55 Savoie
750 882 79 55 et
789 882 66 55 à
816 882 79 55 le
855 882 198 55 reconnaître
1014 882 106 55 pour
1067 882 132 55 légitime

134 917 176 44 souverain.

151 930 164 82 27519.
265 930 180 82 GARNIER
396 930 164 82 (Ch.),
511 930 262 82 l’architecte
723 930 98 82 du
773 930 164 82 nouvel
887 930 164 82 Opéra.
1002 930 82 82 —
1034 930 98 82 L.
1083 930 98 82 a.
1116 930 82 82 s.,

158 991 54 53 2
180 991 65 53 p.
212 991 97 53 in-8.
277 991 54 53 2
288 991 43 53 50

164 1012 70 80 27520.
213 1012 63 80 GIVRY
255 1012 63 80 (Anne
296 1012 91 80 d’ESCARS,
366 1012 84 80 cardinal
429 1012 56 80 de),
464 1012 70 80 évêque
512 1012 42 80 de
526 1012 70 80 Lisieux,

150 1077 152 57 puis
245 1077 114 57 de
302 1077 171 57 Metz,
416 1077 190 57 ardent
549 1077 228 57 ligueur.
719 1077 95 57 —
757 1077 114 57 P.
814 1077 133 57 s.;
890 1077 152 57 Vic,
985 1077 171 57 1611,
1099 1077 95 57 1
1118 1077 76 57 p.

157 1108 111 55 in-fol.
238 1108 50 55 4
248 1108 30 55 »

147 1131 164 72 27521.
262 1131 214 72 GUICCIOLI
426 1131 115 72 (la
492 1131 230 72 comtesse),
672 1131 131 72 amie
754 1131 99 72 de
804 1131 131 72 lord
886 1131 164 72 Byron.
1001 1131 82 72 —
1034 1131 99 72 L.
1083 1131 99 72 a.
1116 1131 82 72 s.,

151 1194 61 53 1
175 1194 73 53 p.
212 1194 86 53 1/2
261 1194 110 53 in-8.
334 1194 61 53 5
346 1194 37 53 »

147 1214 159 62 27522.
258 1214 143 62 HENRI
353 1214 95 62 DE
401 1214 159 62 PRUSSE
512 1214 111 62 (le
575 1214 190 62 prince),
718 1214 143 62 frère
813 1214 95 62 du
861 1214 143 62 grand
956 1214 206 62 Frédéric.
1098 1214 48 62 —

145 1278 93 58 L.
191 1278 93 58 a.
237 1278 108 58 s.;
299 1278 232 58 Gheinsberg,
485 1278 93 58 15
531 1278 139 58 janv.
624 1278 139 58 1793,
717 1278 77 58 2
748 1278 93 58 p.
794 1278 108 58 pl.
856 1278 139 58 in-4.
949 1278 93 58 27
980 1278 46 58 »

177 1320 139 38 Lettre
274 1320 97 38 des
330 1320 111 38 plus
399 1320 180 38 curieuses
538 1320 97 38 sur
593 1320 83 38 le
635 1320 139 38 procès
732 1320 83 38 de
774 1320 125 38 Louis
857 1320 97 38 XVI
913 1320 83 38 et
954 1320 97 38 sur
1010 1320 83 38 le
1037 1320 167 38 dévouement

149 1347 83 46 de
191 1347 221 46 Malesherbes.
370 1347 138 46 «C’est
467 1347 83 46 de
508 1347 83 46 la
550 1347 124 46 vertu
633 1347 83 46 du
674 1347 152 46 premier
785 1347 138 46 ordre,
881 1347 83 46 et
923 1347 83 46 je
964 1347 124 46 bénis
1047 1347 83 46 le
1088 1347 111 46 ciel
1144 1347 55 46 de

146 1388 110 37 voir
215 1388 137 37 encore
311 1388 82 37 et
352 1388 151 37 d’avoir
462 1388 124 37 connu
544 1388 110 37 dans
613 1388 82 37 ce
654 1388 137 37 siècle
750 1388 82 37 un
791 1388 124 37 homme
874 1388 82 37 de
915 1388 82 37 ce
956 1388 151 37 mérite.
1066 1388 82 37 Je
1093 1388 110 37 trouve

148 1417 128 45 qu’il
233 1417 99 45 est
290 1417 85 45 le
332 1417 156 45 premier
446 1417 128 45 héros
531 1417 85 45 du
573 1417 128 45 genre
658 1417 142 45 humain
757 1417 85 45 de
800 1417 85 45 ce
843 1417 142 45 temps.
942 1417 85 45 Je
984 1417 99 45 lui
1041 1417 156 45 vouerai
1140 1417 57 45 un

145 1452 195 44 monument,
295 1452 165 44 quelque
415 1452 135 44 chose
506 1452 105 44 qui
551 1452 150 44 arrive.»

151 1458 163 78 27523.
265 1458 163 78 LUYNES
379 1458 196 78 (Charles
526 1458 212 78 d’ALBERT,
689 1458 114 78 duc
754 1458 131 78 de),
836 1458 228 78 connétable
1016 1458 98 78 de
1048 1458 147 78 France,

148 1518 196 56 célèbre
291 1518 178 56 favori
415 1518 107 56 de
468 1518 160 56 Louis
575 1518 160 56 XIII.
682 1518 89 56 —
718 1518 107 56 L.
771 1518 107 56 a.
824 1518 125 56 s.;
896 1518 107 56 15
949 1518 125 56 mai
1020 1518 160 56 1617,
1109 1518 89 56 1/2

153 1560 69 55 p.
187 1560 126 55 in-fol.
279 1560 103 55 Belle
348 1560 126 55 lettre.
439 1560 184 55 Rare
589 1560 69 55 40
612 1560 34 55 »

152 1613 101 38 27524.
223 1613 101 38 MELLAN
293 1613 131 38 (Claude),
395 1613 61 38 le
425 1613 111 38 célèbre
506 1613 121 38 graveur.
597 1613 51 38 —
617 1613 61 38 L.
647 1613 61 38 a.
678 1613 61 38 s.
708 1613 51 38 à
728 1613 61 38 M.
748 1613 61 38 Lan-

144 1645 169 56 glois,
262 1645 118 56 dit
330 1645 203 56 Chartre,
482 1645 84 56 à
516 1645 203 56 Londres;
668 1645 152 56 Rome,
769 1645 101 56 20
820 1645 135 56 juin
904 1645 152 56 1635,
1006 1645 84 56 1
1022 1645 68 56 p.

141 1694 191 45 in-fol.
280 1694 174 45 Jaunie
402 1694 139 45 près
489 1694 104 45 de
541 1694 104 45 la
593 1694 244 45 signature.
785 1694 174 45 Légère
906 1694 226 45 déchirure
1063 1694 122 45 n’at-

152 1728 148 53 teignant
262 1728 86 53 pas
312 1728 74 53 le
349 1728 123 53 texte.
435 1728 259 53 Très-rare
656 1728 74 53 50
681 1728 37 53 »

145 1750 160 61 27525.
257 1750 160 61 ORNANO
370 1750 160 61 (J.-B.
482 1750 128 61 d’),
562 1750 193 61 maréchal
707 1750 96 61 de
755 1750 177 61 France.
883 1750 80 61 —
915 1750 96 61 P.
963 1750 112 61 s.,
1028 1750 112 61 sur
1076 1750 112 61 vélin

144 1806 135 47 1615,
234 1806 75 47 1
264 1806 90 47 p.
309 1806 120 47 in-4
385 1806 165 47 oblong.
505 1806 75 47 3
520 1806 45 47 »

147 1849 156 46 27526.
257 1849 172 46 OUVRARD
381 1849 328 46 (Gabriel-Julien),
662 1849 172 46 célèbre
787 1849 218 46 financier,
959 1849 109 46 qui
1021 1849 109 46 fut
1084 1849 94 46 un
1115 1849 78 46 des

145 1884 182 46 fondateurs
288 1884 78 46 du
327 1884 130 46 Crédit
417 1884 130 46 public
508 1884 78 46 en
547 1884 143 46 France,
651 1884 78 46 né
690 1884 104 46 près
754 1884 78 46 de
780 1884 117 46 Clisson

154 1925 269 66 (Loire-Inférieure).
388 1925 59 66 —
412 1925 70 66 B.
447 1925 70 66 a.
482 1925 82 66 s.;
529 1925 117 66 Paris,
611 1925 70 66 22
646 1925 105 66 janv.
716 1925 105 66 1828,
786 1925 59 66 3
798 1925 47 66 p.

1098 1960 21 47 in-4.
1112 1960 21 47 Rare.
1125 1960 12 47 4
1128 1960 9 47 50
