1121 2279
38 78 602 63 LIBRAIRIE
490 78 527 63 ANCIENNE

361 131 146 74 ET
442 131 275 74 AUTOGRAPHES

288 213 228 73 DE
414 213 381 73 CHARAVAY,

202 275 255 71 <bRue
398 275 118 71 de
457 275 196 71 Seine,
595 275 118 71 N°
634 275 235 71 53</i>

20 344 163 50 EIVRES
134 344 195 50 ANCIENS,
280 344 163 50 ACHATS
394 344 98 50 DE
443 344 277 50 BIBLIOTHÈQUES
671 344 98 50 ET
720 344 98 50 DE
769 344 244 50 COLEECTIONS
948 344 114 50 D’AU-

53 385 247 49 TOGRAPHES;
248 385 230 49 ÉCHANGES,
424 385 283 49 COMMISSIONS;
654 385 177 49 VENTES
777 385 300 49 D'AUTOGRAPHES
1007 385 53 49 A

58 426 198 46 L’AMIABLE
210 426 198 46 MOYENNANT
362 426 167 46 DIX
484 426 122 46 POUR
560 426 198 46 CENT
712 426 91 46 ET
758 426 107 46 AUX
819 426 183 46 ENCHÈRES
940 426 122 46 PUBLI-

56 459 133 44 QUES,
145 459 177 44 VINGT
277 459 118 44 POUR
351 459 177 44 CENT
483 459 74 44 A
513 459 88 44 LA
557 459 147 44 CHARGE
660 459 103 44 DES
719 459 192 44 VENDEURS,
866 459 118 44 TOUT
925 459 133 44 COMPRIS

310 540 151 71 Nº
411 540 118 71 81.
478 540 84 71 —
512 540 218 71 SEPTEMBRE
663 540 168 71 1856

369 626 344 74 AUTOGRAPHES.

6 683 140 48 7861.
100 683 124 48 ADAM
177 683 155 48 (Ad.),
286 683 171 48 célèbfe
410 683 233 48 compositeur
597 683 93 48 de
643 683 186 48 musique;
783 683 155 48 membre
892 683 93 48 de
923 683 155 48 l’Insti-

98 721 183 47 tuit.
220 721 183 47 L.
342 721 122 47 a.
403 721 204 47 s.
546 721 183 47 1847.
668 721 102 47 1
708 721 122 47 p.
770 721 143 47 3/4
851 721 204 47 in-18.
994 721 102 47 2
1014 721 61 47 »

10 754 119 53 7862.
89 754 79 53 LE
129 754 119 53 MÊME.
208 754 119 53 L.
287 754 79 53 a.
326 754 132 53 s.
419 754 119 53 1843.
498 754 66 53 1
524 754 79 53 p.
564 754 119 53 in-8.
643 754 79 53 Il
682 754 145 53 déclare
788 754 145 53 n’avoir
893 754 145 53 composé
986 754 92 53 aucun

104 799 151 38 morceau
214 799 82 38 de
255 799 151 38 musique
365 799 110 38 pour
433 799 82 38 la
474 799 123 38 pièce
556 799 82 38 de
598 799 137 38 Victor
693 799 123 38 Hugo,
776 799 137 38 les
858 799 219 38 Burgraves

982 824 95 42 2
1001 824 76 42 25

10 829 120 78 7863.
90 829 107 78 AMAR
157 829 160 78 (J.-P.),
277 829 134 78 député
370 829 80 78 de
410 829 147 78 l’Isère
517 829 67 78 à
544 829 80 78 la
584 829 200 78 Convention.
744 829 134 78 Arrêté
838 829 120 78 a.
918 829 134 78 s.
998 829 80 78 por

104 889 110 44 tant
173 889 96 44 que
228 889 261 44 Raymond
447 889 123 44 homme
529 889 82 44 de
571 889 165 44 couleur,
694 889 151 44 prévenu
804 889 151 44 d’avoir
913 889 151 44 employé
1009 889 69 44 des

102 921 160 42 mnoyens
219 921 87 42 de
262 921 204 42 corruption
422 921 116 42 dans
495 921 189 42 l’affaire
641 921 102 42 des
699 921 189 42 colonies,
844 921 116 42 sera
917 921 160 42 traduit
1019 921 58 42 au

103 963 172 37 tribunal
232 963 287 37 révolutionnaire,
475 963 86 37 30
518 963 172 37 brumaire
647 963 86 37 an
690 963 100 37 II.
747 963 72 37 1
776 963 86 37 p.
819 963 129 37 in-4.
905 963 158 37 Cachet.
1005 963 72 37 Cet

110 991 131 57 arrêté
201 991 92 57 est
254 991 118 57 aussi
332 991 118 57 signé
411 991 92 57 par
463 991 170 57 Jagot,
594 991 170 57 Dubarran,
725 991 144 57 Vadier,
829 991 157 57 Guffroy,
934 991 144 57 Voul

103 1023 167 43 land,
229 1023 84 43 M.
270 1023 181 43 Bayle
410 1023 84 43 et
452 1023 181 43 Louis,
591 1023 84 43 du
633 1023 237 43 Bas-Rhin
828 1023 125 43 Belle
912 1023 139 43 pièce.
1009 1023 70 43 5
1023 1023 56 43 56

8 1047 148 78 7864.
106 1047 214 78 ASSEMBLÉE
271 1047 231 78 NATIONALE.
453 1047 231 78 Certificat
634 1047 181 78 délivré
766 1047 82 78 à
799 1047 165 78 Duval,
914 1047 165 78 député
1013 1047 66 78 de

103 1104 110 44 Loir
172 1104 82 44 et
213 1104 123 44 Cher,
295 1104 137 44 Paris,
391 1104 96 44 1er
446 1104 151 44 février
556 1104 123 44 1792.
638 1104 69 44 1
666 1104 82 44 p.
707 1104 165 44 in-fol.,
830 1104 110 44 tête
899 1104 137 44 impr.,
981 1104 96 44 vign.

104 1141 83 46 et
146 1141 153 46 cachet,
257 1141 125 46 signé
340 1141 195 46 Guadet,
493 1141 195 46 président;
646 1141 83 46 J.
688 1141 139 46 Duval,
785 1141 83 46 P.
827 1141 83 46 A.
855 1141 222 46 Antonelle

98 1176 200 40 L.
231 1176 289 40 Lamarque,
453 1176 133 40 et
520 1176 178 40 Aug.
631 1176 422 40 Broussenet
987 1176 111 40 6
1009 1176 67 40 »

10 1210 126 52 7865.
94 1210 84 52 LE
136 1210 126 52 MÊME.
221 1210 197 52 Certificat
375 1210 154 52 délivré
487 1210 70 52 à
515 1210 225 52 Mougeotte
698 1210 84 52 de
740 1210 197 52 Vigne
894 1210 140 52 député
993 1210 84 52 de
1021 1210 56 52 ta

105 1251 228 39 Haute-Marne,
290 1251 143 39 Paris,
390 1251 86 39 26
433 1251 114 39 mars
504 1251 128 39 1791.
590 1251 71 39 1
618 1251 86 39 p.
661 1251 171 39 in-fol.,
790 1251 171 39 vignette
918 1251 86 39 et
947 1251 128 39 cachet,

106 1272 118 69 signé
185 1272 197 69 Thouret,
342 1272 145 69 Target,
447 1272 210 69 Lechapelier,
618 1272 79 69 C.
658 1272 145 69 Darche,
763 1272 171 69 Chaillon,
881 1272 197 69 Mougeotte

101 1314 169 42 de
214 1314 188 42 Vignes
345 1314 113 42 et
401 1314 188 42 Aubry,
533 1314 188 42 évêque
664 1314 113 42 de
720 1314 113 42 la
777 1314 263 42 Meuse
983 1314 94 42 4
1002 1314 75 42 50

10 1337 123 68 7866.
92 1337 137 68 BAILLY
188 1337 205 68 (Sylyvain),
352 1337 123 68 maire
434 1337 82 68 de
475 1337 137 68 Paris,
570 1337 164 68 décapité
693 1337 82 68 en
734 1337 123 68 1793.
816 1337 123 68 L.
898 1337 137 68 s.
980 1337 96 68 1791.

120 1382 302 41 p.
271 1382 352 41 1/2
472 1382 553 41 in-fol.
875 1382 252 41 2
925 1382 151 41 »

9 1415 143 46 7867.
105 1415 175 46 BARNAVE
232 1415 287 46 (A.-P.-M.-J.),
471 1415 175 46 célèbre
598 1415 159 46 membre
710 1415 96 46 de
758 1415 239 46 l’Assemblée
933 1415 143 46 consti.

107 1450 130 45 tuante,
202 1450 142 45 décapité
309 1450 71 45 en
344 1450 107 45 1783.
415 1450 107 45 Notés
486 1450 201 45 autog
652 1450 83 45 sur
700 1450 201 45 l’Evangile
866 1450 71 45 du
901 1450 154 45 jour
1020 1450 59 45 3
1032 1450 47 45 p-

85 1483 364 43 in-fol.
349 1483 397 43 Document
647 1483 397 43 curieux.
945 1483 165 43 5
978 1483 99 43 »

11 1524 141 42 7868.
106 1524 173 42 BEAUJON
231 1524 220 42 (Nicolas),
404 1524 188 42 banquier
545 1524 94 42 de
592 1524 94 42 la
639 1524 126 42 cour
718 1524 94 42 de
765 1524 141 42 Louis
859 1524 110 42 XV,
906 1524 173 42 fondateur

105 1555 82 41 de
146 1555 164 41 Ehôpital
269 1555 95 41 qui
324 1555 123 41 porte
405 1555 95 41 son
460 1555 109 41 nom.
528 1555 123 41 L.
610 1555 136 41 s.
705 1555 136 41 1774..
801 1555 68 41 1
828 1555 82 41 p.
869 1555 95 41 1/2
923 1555 123 41 in-4.
1005 1555 82 41 150.

12 1586 124 56 7869.
95 1586 221 56 BEAUMARCHAIS
275 1586 138 56 (Caron
372 1586 124 56 dle),
455 1586 138 56 auteur
552 1586 194 56 dramatique
704 1586 124 56 L.
787 1586 138 56 s.
883 1586 69 56 à
911 1586 83 56 M.
939 1586 138 56 Decroix,

90 1631 318 37 Paris,
313 1631 286 37 1780.
504 1631 159 37 1
567 1631 191 37 p.
663 1631 223 37 pl.
790 1631 318 37 in-4.4
981 1631 95 37 »

137 1665 171 46 Relative
265 1665 71 46 à
294 1665 86 46 la
336 1665 214 46 publication
508 1665 100 46 des
565 1665 143 46 œuvres
664 1665 86 46 de
707 1665 185 46 Voltaire,
850 1665 171 46 plaintes
964 1665 114 46 contre

108 1693 97 53 les
164 1693 166 53 éditeurs
288 1693 97 53 qui
344 1693 97 53 ont
399 1693 125 53 donné
483 1693 83 53 ta
524 1693 153 53 Pucelle
635 1693 111 53 avec
705 1693 139 53 toutes
802 1693 97 53 les
857 1693 166 53 sottises
982 1693 83 53 et
1010 1693 69 53 les

105 1739 177 42 viléniès
238 1739 89 42 de
282 1739 207 42 Labaumelle
445 1739 89 42 et
489 1739 251 42 consorts.....
696 1739 89 42 Il
740 1739 89 42 me
785 1739 148 42 semble
888 1739 103 42 que
947 1739 118 42 l’on
1006 1739 74 42 de

106 1772 135 45 vrait
196 1772 180 45 purifier
331 1772 90 45 de
375 1772 150 45 toutés
480 1772 105 45 les
540 1772 165 45 ordures
660 1772 90 45 le
705 1772 150 45 volume
810 1772 105 45 qui
869 1772 210 45 contiendra
1019 1772 60 45 ce

107 1811 139 42 divin
199 1811 154 42 poëme;
307 1811 123 42 nous
384 1811 93 42 ne
431 1811 170 42 voulons
554 1811 154 42 donner
662 1811 108 42 que
724 1811 93 42 ce
770 1811 108 42 qui
832 1811 108 42 est
894 1811 139 42 sorti
986 1811 93 42 de
1017 1811 62 42 la

105 1845 132 48 plume
193 1845 88 48 de
223 1845 220 48 Voltaire.....

13 1877 126 42 7870.
97 1877 196 42 BELLEGARDE
251 1877 98 42 (le
308 1877 126 42 comte
392 1877 112 42 de),
462 1877 154 42 célèbre
574 1877 154 42 général
686 1877 210 42 autrichien.
855 1877 126 42 L.
939 1877 84 42 a.
967 1877 112 42 s

107 1913 169 44 Laybach,
234 1913 85 44 19
276 1913 155 44 février
389 1913 127 44 1806.
474 1913 71 44 2
502 1913 85 44 p.
545 1913 99 44 1/2
601 1913 127 44 in-4.
686 1913 155 44 Détails
799 1913 198 44 militaires
940 1913 141 44 intéres

94 1945 128 39 sants.

16 1969 128 59 7871.
101 1969 170 59 BESENVAL
228 1969 99 59 (le
285 1969 128 59 baron
370 1969 113 59 de),
441 1969 170 59 général,
569 1969 142 59 auteur
668 1969 85 59 de
710 1969 227 59 Mémoires.
895 1969 85 59 L.
937 1969 85 59 a.
966 1969 113 59 s.

96 2012 222 33 1782,
244 2012 123 33 2
293 2012 148 33 p.
367 2012 172 33 pl.
466 2012 222 33 in-4.
613 2012 222 33 Jolie
761 2012 271 33 lettre.
958 2012 123 33 2
983 2012 98 33 50

14 2041 122 47 7872.
96 2041 189 47 BONAPARTE,
244 2041 149 47 général
353 2041 81 47 en
393 2041 108 47 chef
461 2041 81 47 de
501 2041 149 47 l’armée
610 2041 176 47 d’Italie.
745 2041 122 47 L.
826 2041 135 47 s.
921 2041 149 47 (Écrite
1015 2041 68 47 par

108 2079 83 46 le
150 2079 153 46 général
261 2079 167 46 Leclerc)
386 2079 83 46 au
428 2079 153 46 général
539 2079 153 46 Songis,
651 2079 139 46 Milan,
748 2079 70 46 9
776 2079 139 46 nivôse
873 2079 83 46 an
915 2079 83 46 V,
957 2079 70 46 2
985 2079 83 46 p.
1012 2079 70 46 1/2

108 2115 169 39 in-fol.,
235 2115 113 39 tête
306 2115 127 39 impr.
390 2115 85 39 et
433 2115 184 39 vignette.
574 2115 127 39 Belle
658 2115 141 39 lettre
757 2115 169 39 relative
884 2115 85 39 au
927 2115 155 39 château
1026 2115 56 39 de

106 2149 177 43 Bergame,
239 2149 133 43 qu’il
328 2149 163 43 ordonne
446 2149 89 43 de
491 2149 192 43 fortifier
638 2149 118 43 pour
712 2149 89 43 le
757 2149 148 43 mettre
860 2149 74 43 à
890 2149 148 43 l’abri
979 2149 103 43 d’une

84 2187 423 46 attaque
391 2187 269 46 des
545 2187 461 46 ennemis.
891 2187 192 46 7
929 2187 154 46 50
