1195 2235
477 32 140 53 —
533 32 140 53 6
561 32 84 53 —

33 75 132 65 21724
121 75 161 65 ESTRÉES
239 75 205 65 (Henriette
400 75 117 65 d’),
473 75 117 65 sœur
546 75 88 65 de
590 75 191 65 Gabrielle
737 75 103 65 et;
796 75 132 65 comme
883 75 132 65 elle,
957 75 161 65 maîtresse

139 128 78 43 de
178 128 117 43 Henri
256 128 91 43 IV.
308 128 117 43 L.
387 128 143 43 a,
491 128 104 43 sig.
556 128 78 43 de
595 128 91 43 son
648 128 183 43 monogramme
791 128 78 43 (à
830 128 117 43 Henri
908 128 104 43 IV),
974 128 91 43 1/2
1026 128 78 43 p.
1052 128 65 43 in-

139 164 78 52 fol.,
191 164 104 52 cachets.
269 164 138 52 Rare
381 164 52 52 40
398 164 26 52 »

154 188 177 63 Charmante
291 188 150 63 épître,
399 188 82 63 où
440 188 109 63 elle
508 188 150 63 supplie
617 188 136 63 son
713 188 163 63 cœur
835 188 82 63 en
876 188 136 63 fayeur
971 188 82 63 de
998 188 123 63 pauvres

135 224 112 57 gens
205 224 112 57 «que
275 224 112 57 l’on
345 224 112 57 veut
415 224 140 57 mettre
513 224 98 57 aux
569 224 154 57 tailles
681 224 84 57 là
723 224 84 57 où
765 224 84 57 se
807 224 112 57 sont
877 224 168 57 réfugiés
1003 224 112 57 lors
1059 224 56 57 de

138 271 85 43 la
180 271 142 43 veneue
280 271 100 43 des
337 271 199 43 Espaignols
493 271 71 43 à
508 271 142 43 Calais.»

135 283 130 67 21725
221 283 144 67 EUGÈNE
322 283 87 67 DE
365 283 144 67 SAVOIE
466 283 101 67 (le
524 283 173 67 prince),
654 283 245 67 généralissime
855 283 101 67 des
913 283 159 67 troupes
1014 283 101 67 impé-

147 331 139 51 riales.
248 331 113 51 L.
324 331 139 51 s.
424 331 101 51 avec
487 331 76 51 la
525 331 201 51 souscription
689 331 113 51 aut.,
764 331 63 51 à
790 331 76 51 S.
827 331 76 51 A.
865 331 88 51 R.;
916 331 139 51 Vienne,
1016 331 63 51 4
1029 331 88 51 avril

145 374 101 49 1688,
212 374 56 49 2
235 374 67 49 p.
268 374 123 49 in-fol.
358 374 56 49 2
369 374 45 49 50

139 404 116 48 21726
216 404 129 48 FABERT
307 404 181 48 (Abraham),
449 404 155 48 illustre
565 404 155 48 maréchal
681 404 77 48 de
719 404 142 48 France.
822 404 116 48 L.
900 404 129 48 a.
990 404 64 48 à
1003 404 116 48 Arnauld

138 449 181 40 d’Andilly;
280 449 78 40 13
319 449 103 40 mars
384 449 116 40 1661,
461 449 65 40 2
487 449 78 40 p.
526 449 116 40 in-4.
604 449 78 40 Un
642 449 91 40 peu
694 449 155 40 frippée.
810 449 78 40 18
836 449 39 40 »

132 483 68 40 «
160 483 135 40 Lettre
254 483 81 40 du
295 483 108 40 plus
363 483 108 40 haut
430 483 149 40 intérêt
539 483 95 40 sur
593 483 81 40 la
633 483 108 40 mort
701 483 81 40 du
742 483 162 40 cardinal
863 483 162 40 Mazarin.
985 483 68 40 —
999 483 54 40 Il

151 509 108 50 arle
218 509 81 50 de
258 509 94 50 ses
312 509 175 50 richesses
447 509 94 50 qui
501 509 108 50 vont
568 509 135 50 mettre
663 509 94 50 ses
717 509 175 50 héritiers
851 509 81 50 en
892 509 135 50 grande
973 509 148 50 division:

144 542 94 58 ces
197 542 160 58 derniers
317 542 94 58 lui
371 542 147 58 sauront
478 542 94 58 peu
531 542 80 58 de
571 542 94 58 gré
625 542 80 58 de
665 542 80 58 sa
705 542 147 58 fortune
812 542 80 58 et
852 542 107 58 Dieu
919 542 147 58 veuille
1012 542 107 58 qu’ils

144 583 83 49 ne
186 583 165 49 prennent
310 583 97 49 pas
365 583 97 49 par
420 583 110 49 elle
489 583 124 49 sujet
572 583 83 49 de
613 583 138 49 parler
709 583 138 49 contre
806 583 83 49 sa
847 583 165 49 mémoire.
971 583 97 49 «Ce
1013 583 110 49 doubte

148 615 84 48 me
190 615 113 48 fait
261 615 127 48 avoir
345 615 127 48 pitié
429 615 84 48 de
472 615 84 48 la
514 615 183 48 condition
655 615 169 48 humaine.
781 615 84 48 Ce
823 615 127 48 grand
908 615 127 48 homme
992 615 99 48 qui
1035 615 84 48 sem-

150 648 109 47 loit
219 648 123 47 estre
301 648 123 47 l’ame
383 648 96 47 des
438 648 137 47 estatz
534 648 96 47 qui
588 648 109 47 font
657 648 82 47 le
698 648 233 47 christianisme
889 648 151 47 s’estre
999 648 96 47 veu
1040 648 82 47 mou-

148 676 104 59 rir
207 676 104 59 six
267 676 89 59 ou
311 676 118 59 sept
385 676 118 59 mois
459 676 148 59 durant
563 676 118 59 sans
637 676 163 59 pouvoir
755 676 163 59 trouver
873 676 133 59 aucun
962 676 163 59 remède,
1066 676 59 59 et

149 702 110 64 peut
218 702 124 64 estre
301 702 83 64 et
342 702 83 64 je
384 702 83 64 le
425 702 110 64 croy
494 702 124 64 quasy
577 702 97 64 que
632 702 110 64 d’en
701 702 124 64 avoir
784 702 166 64 cherchez
908 702 97 64 est
963 702 124 64 cause
1032 702 97 64 qu’il

147 737 81 55 ne
187 737 108 55 vist
254 737 121 55 plus.
335 737 108 55 S’il
402 737 94 55 est
456 737 81 55 en
496 737 148 55 paradis
604 737 121 55 comme
685 737 108 55 j’en
752 737 108 55 prie
819 737 67 55 à
846 737 108 55 Dieu
914 737 94 55 que
968 737 81 55 je
1008 737 81 55 le
1035 737 94 55 tiens

132 788 204 49 heureux...»

154 800 124 60 21727
237 800 151 60 FARADAY
347 800 179 60 (Michel),
484 800 165 60 illustre
608 800 165 60 chimiste
732 800 165 60 anglais,
856 800 151 60 associé
966 800 165 60 étranger
1076 800 55 60 de

150 845 182 52 l’Institut.
295 845 109 52 L.
368 845 73 52 a.
404 845 121 52 s.
489 845 61 52 à
513 845 73 52 M.
550 845 145 52 Britton;
659 845 61 52 6
683 845 97 52 juin
743 845 109 52 1832,
816 845 61 52 1
840 845 73 52 p.
877 845 85 52 pl.
925 845 109 52 in-8.
986 845 145 52 Très

160 888 74 52 pièce.
212 888 119 52 Rare
308 888 37 52 7
316 888 22 52 »

163 905 102 73 21728
231 905 148 73 FERDINAND
345 905 91 73 VII,
401 905 80 73 roi
447 905 159 73 d’Espagne.
572 905 102 73 L.
640 905 57 73 s
663 905 125 73 .
754 905 68 73 en
788 905 114 73 latin,
868 905 136 73 contres.
970 905 80 73 par
1015 905 68 73 le
1049 905 80 73 duc
1084 905 45 73 de

155 958 135 47 San
249 958 202 47 Carlos
411 958 67 47 à
438 958 135 47 George
532 958 148 47 Auguste
640 958 148 47 (depuis
748 958 135 47 George
842 958 108 47 IV),
909 958 135 47 régent
990 958 135 47 d’Angle-

156 986 136 54 terre;
252 986 150 54 Madrid,
361 986 68 54 3
388 986 123 54 sept.
470 986 123 54 1814,
552 986 68 54 1
579 986 82 54 p.
620 986 150 54 in-fol.
729 986 136 54 Légère
825 986 177 54 déchirure
961 986 96 54 par
1016 986 82 54 la
1043 986 82 54 rup.

150 1025 95 57 ture
209 1025 71 57 du
245 1025 130 57 cachet,
340 1025 190 57 n’atteignant
494 1025 83 57 pas
541 1025 71 57 le
577 1025 118 57 texte.
660 1025 118 57 Peu
743 1025 178 57 commun
885 1025 59 57 7
897 1025 47 57 50

98 1035 94 79 Il
145 1035 110 79 lui
208 1035 172 79 annonce
333 1035 141 79 qu’il
427 1035 141 79 vient
521 1035 94 79 de
568 1035 172 79 décorer
693 1035 203 79 Frédéric,
849 1035 110 79 duc
912 1035 172 79 d’York,
1037 1035 94 79 de
1068 1035 63 79 la

152 1098 201 47 grand-croix
312 1098 80 47 de
352 1098 147 47 l’ordre
459 1098 80 47 de
499 1098 147 47 Charles
593 1098 80 47 III.

151 1112 120 65 21729
231 1112 173 65 FEUQUIÈRE
364 1112 160 65 (Antoine
484 1112 107 65 PAs,
550 1112 147 65 marquis
657 1112 107 65 de),
723 1112 133 65 habile
817 1112 147 65 général
923 1112 80 65 et
963 1112 133 65 savant
1043 1112 80 65 tac-

155 1158 146 60 ticien,
261 1158 160 60 écrivain
381 1158 186 60 distingué,
527 1158 133 60 auteur
620 1158 240 60 d’intéressants
820 1158 200 60 Mémoires
980 1158 93 60 sur
1020 1158 106 60 la

162 1203 176 43 guerre.
301 1203 75 43 L.
338 1203 75 43 a.
376 1203 126 43 s.
464 1203 75 43 (à
502 1203 138 43 Arnauld
602 1203 75 43 de
640 1203 176 43 Pomponne);
778 1203 101 43 camp
841 1203 75 43 de
879 1203 163 43 Heylelem,
1004 1203 75 43 12
1029 1203 101 43 juill.

145 1238 202 44 1693,
279 1238 134 44 18
346 1238 134 44 p.
413 1238 202 44 in-4.
570 1238 134 44 30
615 1238 67 44 »

186 1260 171 54 Document
314 1260 199 54 historique
470 1260 85 54 du
513 1260 114 54 plus
584 1260 114 54 haut
655 1260 156 54 intérêt
769 1260 100 54 sur
825 1260 100 54 les
882 1260 199 54 opérations
1024 1260 100 54 mili-

159 1300 139 55 taires
257 1300 84 55 de
298 1300 153 55 l’armée
410 1300 181 55 française
549 1300 84 55 en
591 1300 181 55 Allemagne
731 1300 98 55 qui
786 1300 209 55 précédèrent
954 1300 84 55 la
982 1300 153 55 sanglante

153 1343 169 41 bataille
280 1343 85 41 de
308 1343 155 41 Nerwinde.

159 1370 114 50 21730
235 1370 126 50 FORTIS
324 1370 139 50 (l’abbé
425 1370 227 50 Jean-Baptiste,
614 1370 88 50 dit
665 1370 152 50 Albert),
778 1370 139 50 célèbre
879 1370 189 50 naturaliste
1018 1370 114 50 etvoya-

160 1409 95 48 geur
219 1409 131 48 italien
314 1409 71 48 du
350 1409 190 48 dix-huitième
504 1409 119 48 siècle
587 1409 107 48 L.
659 1409 71 48 a.
694 1409 119 48 s.
777 1409 71 48 en
813 1409 154 48 français,
932 1409 59 48 à
955 1409 95 48 Ant.
1003 1409 71 48 Val-

156 1447 164 45 lisneri;
279 1447 164 45 Bologne,
402 1447 82 45 14
443 1447 123 45 sept.
525 1447 123 45 1760,
608 1447 68 45 1
635 1447 82 45 p.
676 1447 96 45 pl.
731 1447 123 45 in-4.
813 1447 123 45 Belle
895 1447 137 45 pièce.
990 1447 68 45 6
1004 1447 41 45 »

158 1478 136 51 21731.
254 1478 286 51 FOUQUIER-TINVILLE
499 1478 123 51 (Ant.
581 1478 177 51 Quentin),
717 1478 82 51 le
758 1478 136 51 fameux
853 1478 191 51 accusateur
1003 1478 136 51 public
1085 1478 54 51 du

161 1517 149 46 tribunal
273 1517 249 46 révolutionnaire,
484 1517 149 46 décapité
596 1517 75 46 en
633 1517 112 46 1794.
708 1517 112 46 L.
783 1517 75 46 a.
820 1517 124 46 s.
907 1517 87 46 (au
957 1517 124 46 Comité
1044 1517 75 46 de
1069 1517 62 46 sa-

164 1560 77 40 ut
203 1560 155 40 public);
319 1560 129 40 Paris,
409 1560 64 40 7
435 1560 103 40 oct.
499 1560 103 40 1793
564 1560 64 40 7
590 1560 77 40 h.
628 1560 77 40 du
667 1560 116 40 soir,
744 1560 64 40 1
770 1560 77 40 p.
809 1560 90 40 pl.
860 1560 116 40 in-4.
938 1560 77 40 50
963 1560 39 40 »

188 1596 127 39 Pièce
272 1596 211 39 historique,
442 1596 169 39 relative
568 1596 85 39 au
611 1596 141 39 procès
709 1596 99 39 des
766 1596 197 39 Girondins.
921 1596 70 39 —
949 1596 99 39 Les
1005 1596 85 39 17
1033 1596 99 39 dépu-

166 1620 82 51 és
207 1620 163 51 décrétés
330 1620 218 51 d’accusation
506 1620 95 51 ont
561 1620 95 51 été
615 1620 190 51 transférés
765 1620 68 51 à
792 1620 82 51 la
833 1620 231 51 Conciergerie,
1023 1620 68 51 à
1037 1620 95 51 l’ex-

155 1657 164 41 ception
274 1657 89 41 de
319 1657 179 41 Lasource
453 1657 89 41 et
498 1657 164 41 Brulard
617 1657 149 41 restés
721 1657 89 41 au
766 1657 208 41 Luxembourg
930 1657 119 41 pour
989 1657 149 41 maladies

169 1690 147 46 graves.
276 1690 80 46 Il
316 1690 67 46 a
343 1690 107 46 fait
409 1690 161 46 notifier
530 1690 214 46 l’ordonnance
704 1690 80 46 de
744 1690 120 46 prise
824 1690 80 46 de
864 1690 120 46 corps
945 1690 94 46 aux
985 1690 147 46 domiciles

165 1723 97 45 des
221 1723 181 45 prévenus.
360 1723 97 45 Les
416 1723 237 45 sans-culottes
610 1723 181 45 attendent
749 1723 111 45 avec
819 1723 195 45 impatience
972 1723 83 45 le
1000 1723 139 45 jugement

160 1759 85 41 de
202 1759 128 41 cette
288 1759 199 41 importante
444 1759 170 41 affaire,
572 1759 114 41 mais
643 1759 85 41 il
685 1759 99 41 lui
742 1759 99 41 est
799 1759 199 41 impossible
955 1759 85 41 de
984 1759 156 41 commencer

168 1800 71 44 e
196 1800 142 44 procès
295 1800 85 44 en
338 1800 184 44 l’absence
479 1800 99 44 des
536 1800 156 44 pièces,
649 1800 85 44 et
692 1800 85 44 il
734 1800 99 44 les
791 1800 156 44 demande
904 1800 113 44 avec
975 1800 170 44 instance
1088 1800 57 44 au

145 1826 134 46 Comité.

169 1851 97 56 21732
234 1851 130 56 FRANCOIS
331 1851 76 56 II,
375 1851 76 56 roi
418 1851 65 56 de
450 1851 119 56 France.
537 1851 97 56 L.
602 1851 119 56 s.
688 1851 76 56 sur
731 1851 108 56 vélin,
807 1851 130 56 contres.
904 1851 97 56 De
958 1851 184 56 Laubespine

162 1897 73 47 à
192 1897 88 47 Me
235 1897 175 47 François
367 1897 88 47 de
410 1897 175 47 Racoins,
542 1897 190 47 trésorier
688 1897 102 47 des
746 1897 175 47 guerres;
877 1897 263 47 Fontainebleau,
1082 1897 58 47 26

163 1928 112 43 août
233 1928 112 43 1560
302 1928 70 43 1
330 1928 84 43 p.
372 1928 153 43 in-fol.
484 1928 153 43 oblong.
595 1928 195 43 Très-belle
749 1928 139 43 pièce.
846 1928 223 43 Rare
1027 1928 84 43 27
1055 1928 42 43 »

193 1958 92 49 Il
239 1958 107 49 lui
300 1958 168 49 ordonne
422 1958 92 49 de
468 1958 138 49 payer
560 1958 77 49 à
591 1958 153 49 Martin
698 1958 92 49 de
744 1958 230 49 Brechanont,
928 1958 168 49 naguère
1035 1958 107 49 homme

163 1998 167 49 d’armes
284 1998 91 49 de
330 1998 91 49 la
375 1998 197 49 compagnie
527 1998 91 49 du
573 1998 91 49 sr
618 1998 91 49 de
664 1998 152 49 Rendan
770 1998 91 49 et
816 1998 76 49 à
846 1998 167 49 présent
968 1998 91 49 de
1013 1998 137 49 celle
1089 1998 61 49 du

172 2035 83 44 sr
214 2035 83 44 de
255 2035 152 44 Genlis,
366 2035 83 44 la
407 2035 124 44 somme
490 2035 83 44 de
532 2035 97 44 118
587 2035 138 44 livres
670 2035 152 44 tournois.

170 2077 117 57 21733
248 2077 130 57 GANDON
339 2077 182 57 (Antoine),
482 2077 169 57 romancier
612 2077 182 57 populaire,
754 2077 130 57 auteur
845 2077 91 57 des
884 2077 260 57 Trente

167 2113 97 57 du
232 2113 76 57 els
275 2113 65 57 de
308 2113 86 57 Jean
361 2113 151 57 Gigon
480 2113 86 57 mort
534 2113 151 57 récemment.
653 2113 97 57 L.
718 2113 65 57 a.
750 2113 119 57 s.
836 2113 54 57 1
858 2113 65 57 p.
890 2113 97 57 in-8.
955 2113 54 57 2
966 2113 43 57 50
