1193 2187
529 5 83 54 —
563 5 100 54 11
596 5 50 54 —

17 51 102 72 je
68 51 153 72 aucun
170 51 153 72 doute
272 51 119 72 que
339 51 102 72 ma
390 51 170 72 morale
509 51 187 72 antique
645 51 102 72 ne
696 51 136 72 vous
781 51 204 72 accomode
933 51 153 72 mieux
1018 51 85 72 que

119 111 88 47 la
163 111 146 47 morale
266 111 205 47 moderne...
412 111 73 47 »»»

125 126 103 70 21790
193 126 137 70 ROUSSEAU
296 126 80 70 (J.
341 126 91 70 J.),
398 126 160 70 l’illustre
524 126 137 70 écrivain
626 126 68 70 du
661 126 182 70 dix-huitième
809 126 125 70 siècle.
900 126 103 70 L.
968 126 114 70 a
1037 126 34 70 à

131 179 72 57 M.
167 179 96 57 ...;
227 179 72 57 ce
263 179 144 57 vendredi
371 179 84 57 29,
418 179 60 57 1
442 179 72 57 p.
478 179 108 57 in-8.
550 179 72 57 18
574 179 36 57 »

148 199 128 69 Jolie
233 199 157 69 lettre.
348 199 71 69 —
376 199 100 69 «Je
433 199 86 69 ne
476 199 171 69 connois,
604 199 157 69 dit-il,
719 199 143 69 qu’une
819 199 128 69 seule
904 199 157 69 édition
1018 199 86 69 de
1047 199 57 69 la

125 239 188 65 Nouvelle
276 239 188 65 Héloisé
427 239 88 65 qui
477 239 100 65 soit
540 239 201 65 supportable,
703 239 113 65 c’est
778 239 75 65 la
803 239 176 65 première...»

134 272 113 69 21791
210 272 138 69 RUSSELL
310 272 113 69 (lord
386 272 126 69 John),
473 272 138 69 célèbre
574 272 113 69 homme
649 272 126 69 d’Etat
737 272 151 69 anglais,
850 272 100 69 chef
913 272 75 69 du
938 272 88 69 parti

133 320 101 52 whig.
200 320 101 52 L.
267 320 90 52 a.
323 320 90 52 s..;
379 320 56 52 4
402 320 101 52 avril
469 320 101 52 1859,
536 320 56 52 1
559 320 67 52 p.
592 320 101 52 in-8.
659 320 101 52 Jolie
727 320 112 52 pièce.
805 320 56 52 6
816 320 34 52 »

131 346 117 67 21792
209 346 130 67 SABINE
300 346 169 67 (Edward),
430 346 143 67 célèbre
534 346 169 67 physicien
664 346 78 67 et
703 346 156 67 voyageur
820 346 143 67 anglais
924 346 78 67 de
963 346 78 67 ce
989 346 117 67 siècle.

129 389 95 58 L
189 389 71 58 a.
224 389 131 58 s.
319 389 71 58 en
355 389 155 58 français,
474 389 59 58 à
498 389 71 58 M.
534 389 155 58 Quételet;
652 389 131 58 Anvers,
748 389 83 58 1er
795 389 155 58 novembre,
914 389 59 58 1
938 389 71 58 p.
962 389 83 58 in

141 439 82 46 Jolie
195 439 100 46 lettre.
268 439 45 46 3
277 439 36 46 25

132 446 101 71 21793
199 446 135 71 SAINTINE
300 446 79 71 (X.
345 446 90 71 B.),
402 446 101 71 poëte
469 446 67 71 et
503 446 157 71 romancier,
627 446 67 71 le
660 446 135 71 charmant
762 446 112 71 auteur
840 446 67 71 de
863 446 146 71 Pic

217 497 169 67 ciola
356 497 89 67 Le
415 497 99 67 Doute,
485 497 149 67 réverie
604 497 89 67 pièce
663 497 59 67 de
693 497 79 67 vers
743 497 79 67 aut.
792 497 89 67 sig.,
852 497 50 67 2
871 497 59 67 p.
901 497 69 67 3/4
941 497 89 67 in-4.
990 497 50 67 Su-

152 548 33 39 perbe
175 548 37 39 pièce.
200 548 22 39 12
208 548 11 39 »

164 566 138 71 Cette
255 566 138 71 pièce
347 566 184 71 commence
470 566 122 71 ainsi:

313 597 165 65 «Douter,
437 597 96 65 tel
492 597 96 65 est
547 597 124 65 notre
616 597 124 65 destin!

225 633 73 58 «
255 633 87 58 La
298 633 145 58 vérité
400 633 116 58 pour
472 633 116 58 nous
545 633 102 58 n’a
603 633 131 58 qu’un
690 633 131 58 règne
762 633 160 58 éphémère,

236 683 137 40 «Selon
332 683 96 40 les
387 683 137 40 lieux,
483 683 96 40 les
538 683 123 40 tems,
620 683 82 40 et
661 683 110 40 d’un
730 683 96 40 pas
771 683 151 40 incertain

233 723 125 32 «Elle
316 723 152 32 marche,
427 723 83 32 on
469 723 83 32 la
510 723 152 32 suit...
621 723 83 32 on
663 723 166 32 l’enlace
787 723 83 32 un
815 723 111 32 matin.

128 757 140 42 «Le
208 757 160 42 soir
308 757 120 42 on
367 757 179 42 tient
487 757 140 42 uné
547 757 259 42 chimère...»

143 772 89 64 21794
202 772 79 64 SAND
251 772 128 64 (George),
350 772 59 64 la
380 772 108 64 célèbre
458 772 148 64 romancière:
576 772 89 64 L.
636 772 89 64 a
695 772 69 64 s.,
734 772 49 64 1
754 772 59 64 p.
783 772 69 64 pl.
823 772 89 64 in-8.
882 772 49 64 Cu-

144 827 90 44 rieuse.
209 827 41 44 3
217 827 33 44 50

145 841 122 61 21795
227 841 150 61 SCHMITT
336 841 163 61 (Aloïs),
458 841 150 61 célèbre
567 841 204 61 compositeur
730 841 82 61 de
771 841 150 61 musique
880 841 177 61 allemand.
1003 841 122 61 Morceau

391 890 35 55 de
409 890 65 55 musique
456 890 47 55 aut.
485 890 53 55 sig.;
521 890 83 55 Francfort,
586 890 47 55 oct.
615 890 53 55 1853,
651 890 29 55 1
662 890 35 55 p.
680 890 47 55 in-8
709 890 65 55 oblong.
751 890 41 55 Jolie

143 934 109 42 pièce
216 934 109 42 faite
289 934 97 42 pour
349 934 73 42 un
386 934 146 42 amateur.
495 934 61 42 5
507 934 49 42 50

148 954 81 56 21796
202 954 81 56 SCOTT
256 954 117 56 (Walter),
345 954 126 56 l’illustre
444 954 117 56 romancier
534 954 108 56 anglais.
615 954 81 56 L.
669 954 72 56 a.
714 954 81 56 s
767 954 54 56 (à
794 954 54 56 M.
821 954 54 56 W.
839 954 63 56 Laid-

152 995 98 57 law);
218 995 164 57 Abbotsford,
349 995 66 57 24
382 995 98 57 avril
447 995 120 57 (1817),
535 995 55 57 1
557 995 66 57 p.
590 995 77 57 pl.
633 995 98 57 in-4.
699 995 98 57 Belle
765 995 109 57 pièce.
830 995 77 57 25>»)

150 1026 110 54 21797
223 1026 110 54 SOULT
296 1026 110 54 (Jean
369 1026 73 54 de
406 1026 122 54 Dieu),
491 1026 85 54 duc
539 1026 73 54 de
576 1026 158 54 Dalmatie,
698 1026 146 54 maréchal
807 1026 73 54 de
844 1026 134 54 France.
941 1026 110 54 L.
1014 1026 110 54 a
1075 1026 49 54 s.

148 1071 76 51 (à
186 1071 76 51 la
224 1071 152 51 duchesse
338 1071 76 51 de
376 1071 152 51 Raguse);
489 1071 126 51 Paris,
578 1071 76 51 25
616 1071 114 51 avril
691 1071 114 51 1829,
767 1071 88 51 3/4
818 1071 76 51 de
856 1071 76 51 p.
893 1071 114 51 in-4.
957 1071 88 51 Très-

149 1109 73 45 jolie
198 1109 90 45 lettre.
263 1109 131 45 Rare
369 1109 41 45 5
377 1109 33 45 50

455 1120 89 63 21798
515 1120 119 63 STEIBELT
604 1120 129 63 (Daniel),
703 1120 109 63 célèbre
782 1120 149 63 compositeur
901 1120 59 63 de
931 1120 119 63 musiqué.
1020 1120 109 63 Morceau
1089 1120 40 63 de

155 1176 62 49 musique
201 1176 45 49 aut.
229 1176 51 49 sig.,
263 1176 28 49 5
274 1176 34 49 p.
291 1176 62 49 in-fol.
336 1176 90 49 Rare
410 1176 34 49 20
421 1176 17 49 »

494 1205 69 53 21799
540 1205 84 53 STRAUSS
601 1205 138 53 (David-Fréd.),
716 1205 84 53 célèbre
777 1205 92 53 écrivain
846 1205 46 53 et
869 1205 107 53 théologien
953 1205 99 53 allemand;
1022 1205 38 53 au-

473 1232 47 68 teur
502 1232 35 68 de
520 1232 35 68 la
538 1232 59 68 Vié
579 1232 35 68 de
596 1232 82 68 Jésus
661 1232 53 68 L.
696 1232 35 68 a.
714 1232 59 68 s
755 1232 88 68 Héidelherg,
825 1232 35 68 20
843 1232 47 68 déc.
872 1232 53 68 1859,
907 1232 29 68 1
919 1232 35 68 p.
931 1232 41 68 in

152 1281 128 50 Très-jolie
252 1281 91 50 pièce.
317 1281 146 50 Rare
435 1281 46 50 6
445 1281 27 50 »

442 1301 82 63 21800
496 1301 91 63 STULER
560 1301 127 63 (Auguste),
660 1301 54 63 un
687 1301 64 63 des
723 1301 118 63 meilleurs
814 1301 136 63 architectes
923 1301 154 63 contemporains
1041 1301 36 63 de

152 1354 172 49 l’Allemagne,
292 1354 118 49 associé
377 1354 129 49 étranger
474 1354 64 49 de
506 1354 161 49 l’Institut.
635 1354 97 49 L.
699 1354 97 49 a
764 1354 75 49 s.;
806 1354 97 49 1850,
871 1354 75 49 3/4
914 1354 64 49 de
935 1354 43 49 p.

155 1389 83 48 in-8.
210 1389 83 48 Jolie
265 1389 92 48 pièce.
329 1389 147 48 Rare
448 1389 46 48 4
457 1389 37 48 50

154 1411 102 55 21801
222 1411 102 55 TASSO
290 1411 170 55 (Bernardo),
426 1411 125 55 célèbre
517 1411 102 55 poëte
585 1411 136 55 italien,
688 1411 114 55 auteur
767 1411 68 55 de
801 1411 227 55 l'Amadis
983 1411 68 55 père

151 1456 73 42 du
187 1456 122 42 Tasse.
273 1456 110 42 L.
346 1456 122 42 a
431 1456 73 42 s.
468 1456 61 42 à
492 1456 244 42 Sperone-Speroni;
700 1456 122 42 Pésaro
785 1456 61 42 7
809 1456 98 42 nov.
870 1456 98 42 1558
931 1456 61 42 1
956 1456 73 42 p.
980 1456 61 42 1/2

152 1495 87 46 in-fol.,
217 1495 80 46 cachet.
275 1495 116 46 Rare
362 1495 109 46 55D.)»

174 1516 160 55 Superbe
291 1516 88 55 et
335 1516 306 55 très-intéressante
597 1516 160 55 épître,
714 1516 88 55 où
758 1516 88 55 il
802 1516 88 55 se
845 1516 146 55 plaint
947 1516 190 55 amèrement
1079 1516 58 55 de

148 1560 236 46 l’ingratitude
343 1560 83 46 du
384 1560 139 46 prince
481 1560 83 46 de
523 1560 153 46 Salerne
634 1560 139 46 (qu’il
731 1560 125 46 avait
815 1560 125 46 suivi
898 1560 83 46 en
940 1560 153 46 France,
1037 1560 97 46 lais-

150 1590 118 46 sant
224 1590 103 46 ses
283 1590 132 46 biens
371 1590 235 46 confisqués).
562 1590 88 46 Il
606 1590 88 46 se
650 1590 147 46 trouve
753 1590 88 46 en
797 1590 88 46 ce
841 1590 147 46 moment
944 1590 73 46 à
973 1590 88 46 la
1017 1590 118 46 cour
1076 1590 59 46 du

154 1627 83 44 du
196 1627 97 44 duc
251 1627 166 44 d’Urbin,
375 1627 83 44 et
416 1627 83 44 il
458 1627 83 44 ne
499 1627 110 44 sait
568 1627 97 44 pas
623 1627 138 44 encore
720 1627 69 44 à
748 1627 110 44 quoi
817 1627 207 44 l’emploiera
982 1627 83 44 ce
1010 1627 124 44 prince.

186 1659 84 43 Il
228 1659 126 43 parle
312 1659 154 43 ensuite
424 1659 84 43 de
465 1659 84 43 sa
507 1659 126 43 femme
591 1659 126 43 qu’il
675 1659 140 43 venait
773 1659 84 43 de
815 1659 140 43 perdre
912 1659 84 43 et
954 1659 84 43 de
996 1659 98 43 son
1038 1659 98 43 poëme

105 1674 99 24 —

157 1689 260 47 d'Amadis,
379 1689 111 47 qu’il
453 1689 87 47 lui
503 1689 136 47 enverra
602 1689 87 47 dès
651 1689 111 47 qu’il
725 1689 99 47 sera
787 1689 111 47 fini.
861 1689 111 47 «J’ai
935 1689 111 47 voulu
1009 1689 99 47 vous
1059 1689 74 47 dire

155 1729 129 41 cela,
240 1729 114 41 tant
312 1729 114 41 pour
383 1729 100 41 que
441 1729 114 41 vous
512 1729 157 41 sachiez
627 1729 114 41 dans
698 1729 114 41 quel
770 1729 114 41 état
841 1729 86 41 se
884 1729 143 41 trouve
984 1729 86 41 un
1027 1729 86 41 de
1056 1729 71 41 vos

154 1756 115 48 amis
226 1756 86 48 et
269 1756 201 48 serviteurs
427 1756 101 48 qui
485 1756 115 48 vous
556 1756 115 48 aime
628 1756 86 48 et
672 1756 115 48 vous
744 1756 173 48 respecte
873 1756 115 48 plus
945 1756 101 48 que
988 1756 144 48 personne

156 1791 90 44 au
201 1791 150 44 monde,
306 1791 105 44 que
366 1791 120 44 pour
441 1791 165 44 excuser
562 1791 105 44 mon
622 1791 120 44 long
682 1791 195 44 silence...»

160 1825 131 47 21802
248 1825 146 47 THOMAS
350 1825 219 47 (Ambroise),
525 1825 160 47 célèbre
641 1825 219 47 compositeur
816 1825 87 47 de
860 1825 175 47 musique,
991 1825 146 47 membre
1079 1825 58 47 de

158 1859 198 44 l’Institut.
316 1859 145 44 Morceau
422 1859 79 44 de
461 1859 145 44 musique
567 1859 106 44 aut.
633 1859 119 44 sig.,
712 1859 79 44 au
751 1859 145 44 crayon,
857 1859 92 44 1/2
910 1859 79 44 p.
949 1859 145 44 in-fol.
1042 1859 92 44 Pièce

160 1902 104 42 faite
230 1902 92 42 pour
288 1902 69 42 un
322 1902 139 42 amateur.
426 1902 69 42 10
449 1902 35 42 »

167 1928 114 47 21803
243 1928 164 47 TROUSSEAU
370 1928 114 47 (A.),
446 1928 76 47 un
483 1928 76 47 de
521 1928 89 47 nos
572 1928 101 47 plus
635 1928 139 47 savants
736 1928 202 47 chirurgiens.
901 1928 114 47 L.
977 1928 126 47 a
1052 1928 89 47 s..au

165 1973 78 43 Dr
204 1973 142 43 Miguel;
307 1973 129 43 Paris,
398 1973 65 43 9
424 1973 104 43 août
489 1973 142 43 (1830),
592 1973 65 43 2
618 1973 78 43 p.
657 1973 91 43 1/2
709 1973 116 43 in-8.
786 1973 65 43 3
799 1973 39 43 »

190 1998 252 53 Très-curieuse
398 1998 163 53 épître,
516 1998 89 53 où
561 1998 89 53 il
605 1998 89 53 se
650 1998 178 53 disculpe
783 1998 133 53 d’une
872 1998 208 53 accusation
1035 1998 89 53 de
1065 1998 74 53 dé-

159 2031 157 49 loyauté
273 2031 100 49 que
330 2031 86 49 le
373 2031 86 49 Dr
415 2031 143 49 Miguel
515 2031 128 49 avait
601 2031 143 49 portée
700 2031 143 49 contre
800 2031 100 49 lui
857 2031 71 49 à
886 2031 143 49 propos
985 2031 86 49 de
1028 2031 86 49 la
1057 2031 86 49 fon-

165 2071 140 51 lation
263 2071 112 51 d’un
319 2071 140 51 journal.

48 2084 133 72 21804
137 2084 148 72 UHLAND
240 2084 251 72 (Jean-Louis),
447 2084 89 72 un
492 2084 103 72 des
551 2084 118 72 plus
625 2084 192 72 illustres
772 2084 148 72 poëtes
876 2084 89 72 de
920 2084 222 72 l’Allemagne
1083 2084 59 72 au
