1183 2245
520 30 107 59 —
562 30 107 59 8
584 30 64 59 —

121 82 114 59 21750
198 82 140 59 JOURDAN
299 82 89 59 (J.
350 82 102 59 B.),
414 82 153 59 maréchal
528 82 76 59 de
566 82 140 59 France,
668 82 76 59 le
706 82 165 59 vainqueur
833 82 76 59 de
871 82 153 59 Eleurus;
973 82 127 59 Le

120 141 192 33 ai.
247 141 149 33 s.;
333 141 213 33 Paris,
482 141 106 33 4
524 141 192 33 févr.
652 141 192 33 1826,
780 141 106 33 1
822 141 128 33 p.
886 141 192 33 in-4.
1014 141 106 33 5
1035 141 64 33 »

125 162 189 51 «’Curieuse
274 162 135 51 épître
369 162 81 51 de
409 162 230 51 sollicitation
598 162 81 51 en
639 162 135 51 faveur
733 162 81 51 de
774 162 81 51 la
814 162 122 51 fille
895 162 81 51 de
922 162 176 51 l’infortuné

125 211 157 41 général
239 211 186 41 Houchard,
382 211 114 41 «qui
453 211 71 41 a
482 211 100 41 été
539 211 186 41 condamné,
682 211 286 41 surdl’accusation
925 211 86 41 la
967 211 114 41 plus
1025 211 71 41 ab-

120 232 136 46 surde,
216 232 68 46 à
243 232 136 46 perdre
338 232 82 46 la
379 232 109 46 tête
447 232 95 46 sur
502 232 204 46 l’échafaud,
665 232 123 46 après
747 232 123 46 avoir
829 232 123 46 battu
910 232 95 46 les
965 232 150 46 Anglais
1060 232 41 46 à

117 276 283 40 Hondschoote
343 276 113 40 et
400 276 170 40 sauvé
513 276 264 40 Dunkerque;
720 276 151 40 »inn
796 276 113 40 —l4n

128 302 112 44 21751
202 302 137 44 JUSSIEU
302 302 112 44 (Ant.
376 302 137 44 Laurent
476 302 99 44 de),
538 302 149 44 illustre
650 302 174 44 botaniste,
786 302 124 44 membre
873 302 75 44 de
911 302 186 44 l’Institut.
1047 302 50 44 L.

120 346 151 45 a.
214 346 113 45 s.
271 346 94 45 à
308 346 207 45 Mgr...,
459 346 94 45 1
496 346 113 45 p.
553 346 169 45 in-4.
666 346 94 45 4
685 346 56 45 »

98 384 143 37 Jolie
193 384 159 37 lettre
304 384 95 37 de
352 384 286 37 recommandation
590 384 95 37 en
638 384 159 37 faveur
749 384 111 37 dés
812 384 238 37 demoiselles
987 384 111 37 Haus-

127 413 123 43 sard,
209 413 178 43 ci-devant
346 413 178 43 attachées
483 413 68 43 à
510 413 191 43 l’Académie
661 413 96 43 des
715 413 164 43 sciences
838 413 82 43 en
879 413 150 43 qualité
989 413 82 43 de
1016 413 82 43 gra

112 456 134 40 veuses.

127 479 103 52 21752
195 479 91 52 KARR
252 479 171 52 (Alphonse),
389 479 68 52 le
423 479 148 52 spirituel
538 479 114 52 auteur
617 479 80 52 des
663 479 160 52 Guèpes.
789 479 68 52 L.
823 479 91 52 a.
880 479 91 52 s.,1
937 479 68 52 p.
960 479 57 52 pl.

132 527 91 48 in-8.
193 527 91 48 Jolie
253 527 101 48 pièce.
324 527 51 48 2
334 527 41 48 50

136 548 119 63 21753
215 548 145 63 KŒERNER
321 548 304 63 (Charles-Théodore),
585 548 79 63 le
625 548 145 63 célèbre
730 548 119 63 poëte
809 548 79 63 de
849 548 238 63 l’indépendance
1034 548 66 63 al-

124 588 178 48 lemande,
258 588 119 48 mort
332 588 252 48 glorieusement
540 588 74 48 à
570 588 134 48 l’âge
659 588 89 48 de
703 588 89 48 21
748 588 104 48 ans
807 588 89 48 au
852 588 148 48 combat
956 588 89 48 de
985 588 119 48 Rosen-

131 621 108 48 berg
199 621 81 48 en
240 621 122 48 1813.
321 621 122 48 Pièce
402 621 81 48 de
443 621 108 48 vers
511 621 163 48 autogr.,
633 621 108 48 avec
701 621 149 48 ratures
809 621 81 48 et
850 621 230 48 corrections.,
1026 621 81 48 sig.

139 668 159 47 Théodor
273 668 42 47 4
289 668 92 47 p.in-4.
356 668 134 47 Rare
465 668 50 47 22
482 668 25 47 »

157 686 80 61 Le
197 686 120 61 titre
277 686 80 61 de
317 686 120 61 cette
397 686 147 61 superbe
503 686 120 61 pièce
583 686 107 61 est:
650 686 160 61 Comte
770 686 120 61 Hagen
850 686 80 61 de
890 686 160 61 Mansfeld
996 686 107 61 ou

125 736 103 48 la
193 736 138 48 bataille
297 736 69 48 de
320 736 195 48 Wœlfesholz

127 752 103 65 21754
195 752 138 65 LAFFITTE
299 752 161 65 (Jacques),
425 752 126 65 célèbre
517 752 149 65 financier
631 752 69 65 et
666 752 126 65 orateur
757 752 138 65 libéral.
861 752 103 65 L.
929 752 103 65 a
998 752 80 65 s..
1044 752 69 65 (à
1067 752 46 65 la

129 797 157 55 duchesse
247 797 79 55 de
286 797 157 55 Raguse);
404 797 131 55 jeudi,
496 797 92 55 3/4
548 797 79 55 de
587 797 79 55 p.
627 797 118 55 in-8.
705 797 118 55 Jolie
784 797 144 55 lettre.
888 797 210 55 Rare
1059 797 65 55 5
1072 797 39 55 »

128 831 121 62 21755
208 831 134 62 LAJARD
302 831 94 62 (P.
356 831 108 62 Aug.
423 831 108 62 de),
491 831 148 62 premier
598 831 296 62 aide-major-général
854 831 81 62 de
894 831 81 62 la
934 831 121 62 garde
1001 831 108 62 natio-

127 868 118 57 nale
201 868 88 57 en
245 868 132 57 1789,
333 868 177 57 ministre
466 868 88 57 de
510 868 88 57 la
554 868 147 57 guerre
657 868 88 57 en
701 868 132 57 1792,
789 868 309 57 maréchal-de-camp.
1039 868 74 57 L..

128 902 138 55 a.
229 902 75 55 s.
266 902 63 55 à
292 902 75 55 M.
329 902 176 55 Gellerier;
467 902 75 55 30
505 902 113 55 sept.
580 902 113 55 1790,
655 902 63 55 1
680 902 75 55 p.
718 902 113 55 in-4,
793 902 100 55 vig.
856 902 75 55 et
894 902 100 55 tête
956 902 113 55 impr.
1019 902 88 55 Belle

132 947 66 44 et
165 947 176 44 intéressante
308 947 121 44 lettre.
396 947 55 44 4
407 947 33 44 »

127 970 127 56 21756
211 970 155 56 LAMARCK
324 970 127 56 (Aug.
408 970 84 56 M.
450 970 98 56 R.,
507 970 127 56 comte
591 970 112 56 de),
661 970 141 56 prince
760 970 211 56 d’Arenberg,
928 970 183 56 confident
1055 970 56 56 de

131 1012 293 51 Marie-Antoinette,
382 1012 98 51 ami
438 1012 84 51 et
480 1012 181 51 exécuteur
619 1012 237 51 testamentaire
814 1012 84 51 de
856 1012 181 51 Mirabeau.
995 1012 84 51 L.
1023 1012 84 51 s..,

129 1042 109 58 avec
198 1042 68 58 4
225 1042 109 58 lig.
293 1042 123 58 aut.;
375 1042 123 58 1788,
457 1042 68 58 1
485 1042 82 58 p.
526 1042 123 58 in-4,
608 1042 150 58 adresse
717 1042 82 58 et
758 1042 150 58 cachet.
867 1042 123 58 Jolie
949 1042 137 58 pièce.
1045 1042 68 58 3
1058 1042 55 58 50

138 1073 107 70 21757
209 1073 155 70 LAMENNAIS
328 1073 83 70 (F.
376 1073 95 70 de),
435 1073 71 70 un
471 1073 83 70 des
519 1073 95 70 plus
578 1073 119 70 grands
661 1073 155 70 écrivains
780 1073 71 70 de
816 1073 107 70 notre
887 1073 131 70 siècle.
970 1073 143 70 L.

132 1111 128 65 ai.
217 1111 85 65 s.
260 1111 71 65 à
288 1111 85 65 M.
331 1111 171 65 Daubrée;
459 1111 85 65 La
502 1111 171 65 Chenaie,
630 1111 85 65 24
673 1111 114 65 mars
744 1111 128 65 1836,
829 1111 71 65 2
858 1111 85 65 p.
900 1111 100 65 1/2
957 1111 128 65 in-8.
1043 1111 71 65 6
1057 1111 57 65 50

163 1145 196 59 Très-jolie
317 1145 140 59 lettre
415 1145 98 59 sur
471 1145 84 59 un
513 1145 154 59 travail
625 1145 84 59 de
666 1145 182 59 Flatters.
806 1145 84 59 Il
848 1145 126 59 pense
932 1145 98 59 que
974 1145 140 59 celui

140 1185 171 54 jourrait
268 1185 157 54 obtenir
383 1185 86 54 de
425 1185 186 54 Lamartine
568 1185 86 54 un
611 1185 157 54 morceau
725 1185 100 54 sur
782 1185 157 54 Milton.
897 1185 129 54 «J’en
968 1185 143 54 écrirai,

132 1224 86 50 si
175 1224 86 50 on
217 1224 86 50 le
260 1224 157 50 désire,
374 1224 71 50 à
403 1224 200 50 Lamartine,
560 1224 200 50 doublement
717 1224 157 50 heureux
831 1224 100 50 que
889 1224 171 50 Flatters
1003 1224 114 50 trouve

137 1251 107 61 dans
203 1251 160 61 notre
324 1251 107 61 plus
391 1251 120 61 grand
471 1251 94 61 nom
524 1251 214 61 poétique
698 1251 94 61 une
751 1251 241 61 recommandation
952 1251 80 61 et
992 1251 80 61 un
1018 1251 94 61 appui

142 1285 100 58 que
199 1285 85 58 je
241 1285 85 58 ne
284 1285 157 58 saurois
398 1285 100 58 lui
455 1285 157 58 offrir,
569 1285 85 58 et
612 1285 142 58 d’être
711 1285 128 58 délié
797 1285 114 58 d’un
868 1285 199 58 engagement
1024 1285 100 58 que
1067 1285 57 58 je

139 1331 146 47 crains
241 1331 175 47 beaucoup
372 1331 87 47 de
416 1331 102 47 mal
460 1331 189 47 remplir...»

141 1350 120 61 21758
221 1350 147 61 LEHMANN
328 1350 160 61 (Henri),
448 1350 147 61 célèbre
554 1350 147 61 peintre
661 1350 200 61 d’histoire,
821 1350 133 61 membre
915 1350 80 61 de
941 1350 174 61 l’Institut.

141 1394 99 55 L.
207 1394 66 55 ai
240 1394 110 55 si;
317 1394 110 55 Paris,
394 1394 66 55 26
427 1394 99 55 janv.
494 1394 99 55 1856,
560 1394 55 55 2
582 1394 66 55 p.
615 1394 77 55 pl.
659 1394 99 55 in-8.
725 1394 55 55 3
736 1394 44 55 50

176 1427 165 59 Curieuse
300 1427 152 59 épître,
410 1427 124 59 toute
493 1427 165 59 relative
617 1427 69 59 à
645 1427 165 59 l’église
769 1427 83 59 de
810 1427 276 59 Sainte-Clotilde,
1031 1427 96 59 alors

140 1461 84 61 en
182 1461 237 61 construction,
377 1461 84 61 et
419 1461 97 61 aux
474 1461 181 61 peintures
613 1461 111 61 dont
683 1461 84 61 il
725 1461 97 61 est
780 1461 139 61 chargé
878 1461 84 61 dé
906 1461 139 61 l’orner.

147 1496 106 67 21759
218 1496 130 67 LELEWEL
313 1496 165 67 (Joachim),
443 1496 130 67 célèbre
537 1496 154 67 historien
655 1496 71 67 et
691 1496 142 67 patriote
797 1496 154 67 polonais.
915 1496 106 67 E.
986 1496 118 67 a
1057 1496 59 67 s.,

142 1530 89 58 en
187 1530 193 58 français,
335 1530 74 58 à
365 1530 89 58 M.
409 1530 163 58 Cassin;
528 1530 208 58 Abbeville,
691 1530 89 58 31
735 1530 119 58 août
810 1530 133 58 1833,
899 1530 74 58 1
928 1530 89 58 p.
973 1530 104 58 1/2
1017 1530 104 58 in

143 1584 139 46 Très-jolie
252 1584 109 46 lettre.
331 1584 50 46 2
341 1584 40 46 50

151 1614 121 45 21760
231 1614 80 45 LE
271 1614 147 45 TELLIER
378 1614 174 45 (Michel),
512 1614 147 45 célèbre
620 1614 188 45 chancelier
767 1614 80 45 de
807 1614 134 45 France
901 1614 80 45 de
941 1614 121 45 Louis
1022 1614 107 45 XIV,
1075 1614 54 45 le

150 1639 175 64 rincipal
282 1639 146 64 auteur
384 1639 87 64 de
427 1639 87 64 la
471 1639 204 64 révocation
631 1639 87 64 de
675 1639 146 64 l’Edit
777 1639 87 64 de
821 1639 160 64 Nantes,
938 1639 117 64 père
1010 1639 87 64 de
1040 1639 87 64 Lou-

144 1675 126 55 vois.
228 1675 84 55 L.
270 1675 84 55 s.
312 1675 84 55 au
354 1675 98 55 duc
411 1675 84 55 de
453 1675 182 55 Chaulnes;
593 1675 196 55 Vincennes,
747 1675 84 55 27
789 1675 112 55 août
859 1675 126 55 1666,
944 1675 70 55 1
972 1675 84 55 p;
1000 1675 126 55 in

145 1723 87 53 Belle
203 1723 106 53 lettre.
281 1723 48 53 2
290 1723 39 53 25

148 1744 104 67 21761
218 1744 162 67 LEVAILLANT
345 1744 173 67 (François),
483 1744 69 67 le
518 1744 127 67 célèbre
610 1744 150 67 voyageur.
725 1744 104 67 L.
794 1744 127 67 a.
887 1744 92 67 sigl
944 1744 196 67 Lut.,
1094 1744 35 67 à

149 1779 88 71 M.
193 1779 161 71 Prêtre,
310 1779 175 71 peintre;
442 1779 73 71 6
471 1779 117 71 déc.
544 1779 131 71 1819,
631 1779 73 71 1
661 1779 88 71 p.
704 1779 102 71 pl.
763 1779 131 71 in-8.
850 1779 131 71 Jolie
938 1779 161 71 lettre.
1055 1779 73 71 4
1070 1779 58 71 ».

157 1819 118 74 21762
236 1819 158 74 LEVENEUR
354 1819 171 74 (Alexis),
486 1819 118 74 brave
565 1819 145 74 général
670 1819 79 74 de
710 1819 158 74 division
828 1819 92 74 qui
881 1819 184 74 s’illustra
1026 1819 79 74 en
1052 1819 79 74 1792

164 1859 74 63 ar
201 1859 74 63 la
237 1859 111 63 prise
311 1859 74 63 de
348 1859 123 63 Namur.
434 1859 111 63 L.
508 1859 123 63 a
594 1859 86 63 s..
643 1859 74 63 au
680 1859 270 63 secrétaire-général
913 1859 74 63 du
950 1859 111 63 lycée
1011 1859 111 63 d’Alen-

148 1912 109 46 çon;
217 1912 82 46 17
257 1912 177 46 thermidor
394 1912 82 46 an
435 1912 123 46 VIII,
517 1912 68 46 1
544 1912 82 46 p.
585 1912 95 46 1/2
639 1912 123 46 in-4.
721 1912 218 46 Rare
899 1912 68 46 5
912 1912 82 46 M»

191 1929 68 65 1
219 1929 81 65 le
259 1929 163 65 remercie
381 1929 81 65 du
422 1929 122 65 titre
504 1929 176 65 d’associé
639 1929 95 65 que
694 1929 81 65 le
734 1929 122 65 lycée
816 1929 176 65 d’Alençon
952 1929 68 65 a
979 1929 109 65 bien
1033 1929 95 65 voulu

151 1964 100 63 lui
208 1964 185 63 conférer,
350 1964 85 63 et
393 1964 128 63 donne
478 1964 128 63 ainsi
563 1964 100 63 ses
620 1964 100 63 nom
677 1964 85 63 et
720 1964 171 63 prénoms:
833 1964 299 63 «Alexis

155 2000 185 62 Leveneur,
297 2000 156 62 général
411 2000 85 62 de
453 2000 185 62 division,
595 2000 185 62 négociant
737 2000 85 62 et
780 2000 256 62 manufacturier,
979 2000 156 62 président

151 2040 88 57 du
195 2040 161 57 Conseil
312 2040 161 57 général
429 2040 88 57 du
473 2040 220 57 département
649 2040 88 57 de
678 2040 176 57 l’Orne...»

161 2078 99 62 21763
227 2078 132 62 MACAULAY
327 2078 121 62 (Thomas
415 2078 166 62 BABINGTON),
547 2078 155 62 l’illustre
669 2078 144 62 historien
779 2078 132 62 anglais.
879 2078 66 62 L.
901 2078 99 62 a.s.

163 2129 120 56 Albany,
250 2129 55 56 3
272 2129 98 56 janv.
338 2129 98 56 1853,
403 2129 55 56 2
425 2129 66 56 p.
458 2129 76 56 pl.
502 2129 98 56 in-8.
567 2129 98 56 Jolie
633 2129 120 56 lettre.
720 2129 175 56 Rare
862 2129 66 56 14
884 2129 33 56 »
