1645 3069
729 93 144 95 —
787 93 202 95 453
873 93 87 95 —

164 185 173 73 «par
272 185 151 73 des
359 185 281 73 barbares,
575 185 130 73 et
639 185 259 73 proscrit
834 185 151 73 par
920 185 151 73 des
1007 185 324 73 hypocrites;
1266 185 130 73 un
1330 185 173 73 jour
1438 185 108 73 à
1460 185 108 73 ve-

164 249 198 59 «nir,
296 249 132 59 la
362 249 220 59 France
516 249 264 59 estimera
713 249 198 59 votre
845 249 176 59 art,
955 249 176 59 mais
1065 249 198 59 alors
1197 249 132 59 il
1262 249 154 59 n’y
1350 249 176 59 aura
1438 249 132 59 plus

162 290 123 66 «de
233 290 299 66 Baron
479 290 141 66 plus
567 290 106 66 de
620 290 370 66 Lecouvreur
937 290 141 66 plus
1025 290 106 66 de
1078 290 405 66 Dangerville;
1430 290 106 66 si
1465 290 106 66 vous

158 343 231 56 «voulés
326 343 252 56 renoncer
515 343 105 56 à
558 343 189 56 votre
684 343 231 56 projet,
852 343 126 56 je
915 343 168 56 vous
1020 343 252 56 prêterai
1209 343 147 56 dix
1294 343 189 56 mille
1399 343 168 56 francs

158 390 211 62 «pour
298 390 305 62 commencer
533 390 211 62 votre
674 390 423 62 établissement,
1027 390 141 62 et
1097 390 188 62 vous
1215 390 141 62 me
1285 390 164 62 les
1356 390 211 62 rendrés

164 445 222 52 «quand
319 445 178 52 vous
430 445 244 52 pourès;
608 445 222 52 allés,
763 445 155 52 mon
852 445 178 52 ami,
963 445 244 52 revenés
1141 445 133 52 me
1208 445 178 52 voir
1319 445 155 52 sur
1408 445 133 52 la
1452 445 111 52 fin

167 488 148 63 «de
251 488 127 63 la
315 488 254 63 semaine,
505 488 212 63 faites
653 488 169 63 bien
759 488 148 63 vos
844 488 317 63 réflexions,
1098 488 127 63 et
1161 488 296 63 donnez-moi
1394 488 148 63 une
1457 488 106 63 ré-

163 533 222 59 «ponse
318 533 311 59 positive.»
563 533 267 59 Etourdi,
763 533 245 59 confus,
941 533 133 59 et
1008 533 245 59 pénétré
1186 533 289 59 jusqu’aux
1386 533 178 59 larmes

154 593 192 56 «des
274 593 240 56 bontés
442 593 144 56 et
514 593 168 56 des
609 593 240 56 offres
777 593 336 56 généreuses
1041 593 144 56 de
1113 593 144 56 ce
1185 593 216 56 grand
1328 593 216 56 homme
1448 593 120 56 que

159 632 201 65 «l’on
293 632 224 65 disait
450 632 224 65 avare,
606 632 157 65 dur
696 632 134 65 et
763 632 179 65 sans
875 632 224 65 pitié,
1032 632 134 65 je
1099 632 224 65 voulus
1256 632 313 65 m’épancher
1479 632 90 65 en

157 681 428 54 «remerciments,
514 681 143 54 je
585 681 309 54 commençai
823 681 238 54 quatre
989 681 262 54 phrases
1180 681 190 54 sans
1298 681 143 54 en
1346 681 214 54 pouvoir

164 731 271 45 «terminer
372 731 146 45 une
456 731 208 45 seule;
602 731 208 45 enfin,
748 731 125 45 je
810 731 167 45 pris
914 731 125 45 le
977 731 188 45 parti
1102 731 125 45 de
1164 731 146 45 lui
1248 731 188 45 faire
1373 731 125 45 ma
1414 731 146 45 révé-

160 779 210 66 «rence
307 779 126 66 en
370 779 315 66 bâlbutiant,
623 779 126 66 et
686 779 252 66 j’allais
875 779 126 66 me
938 779 231 66 retirer
1106 779 273 66 lorsqu’il
1317 779 126 66 me
1359 779 210 66 rappella

158 829 205 66 «pour
295 829 137 66 me
363 829 205 66 prier
500 829 137 66 de
568 829 159 66 lui
659 829 250 66 réciter
841 829 273 66 quelques
1046 829 273 66 lambeaux
1250 829 159 66 des
1341 829 205 66 rôles
1455 829 114 66 que

90 881 132 49 «

209 875 105 55 j
251 875 190 55 avais
377 875 169 55 déjà
483 875 211 55 joués.
630 875 169 55 Sans
736 875 169 55 trop
841 875 253 55 examiner
1030 875 126 55 la
1094 875 274 55 question,
1304 875 126 55 je
1367 875 147 55 lui
1431 875 126 55 pro-

163 920 230 56 «posai
324 920 207 56 assez
462 920 414 56 maladroitement
807 920 138 56 de
875 920 161 56 lui
967 920 276 56 déclamer
1174 920 138 56 le
1243 920 207 56 grand
1358 920 207 56 couplet

155 979 146 53 «de
238 979 374 53 Gustave
550 979 125 53 au
613 979 208 53 second
758 979 187 53 acte.
883 979 208 53 Point,
1028 979 187 53 point
1153 979 125 53 de
1216 979 208 53 Piron,
1361 979 125 53 me
1403 979 166 53 dit

155 1016 201 59 «avec
289 1016 157 59 une
378 1016 179 59 voix
490 1016 269 59 tonnante
692 1016 134 59 et
759 1016 291 59 terrible,
983 1016 134 59 je
1050 1016 224 59 n’aime
1207 1016 157 59 pas
1296 1016 157 59 les
1364 1016 201 59 mauvais

152 1069 227 57 «vers;
311 1069 295 57 dites-moi
538 1069 182 57 tout
651 1069 136 57 ce
720 1069 159 57 que
810 1069 182 57 vous
924 1069 204 57 savez
1060 1069 136 57 de
1128 1069 250 57 Racine.
1309 1069 136 57 Je
1377 1069 136 57 me
1423 1069 136 57 res-

158 1110 268 52 «souvins
359 1110 357 52 heureusement
649 1110 268 52 qu’étant
850 1110 134 52 au
917 1110 246 52 collège
1096 1110 268 52 Mazarin,
1297 1110 246 52 j’avais
1453 1110 112 52 ap-

162 1163 180 63 «pris
282 1163 180 63 toute
402 1163 120 63 la
462 1163 240 63 tragédie
642 1163 420 63 d'Athalie
1001 1163 180 63 après
1121 1163 180 63 avoir
1241 1163 220 63 entendu
1381 1163 180 63 répéter

163 1221 241 54 «nombre
339 1221 132 54 de
405 1221 176 54 fois
514 1221 198 54 cette
646 1221 198 54 pièce
778 1221 154 54 aux
866 1221 263 54 écoliers
1063 1221 154 54 qui
1151 1221 263 54 devaient
1348 1221 132 54 la
1392 1221 176 54 jouer.

156 1262 157 48 «Je
245 1262 292 48 commençai
470 1262 180 48 donc
582 1262 135 48 la
650 1262 270 48 première
852 1262 202 48 scène
987 1262 135 48 en
1054 1262 225 48 jouant
1189 1262 382 48 alternativement

168 1310 125 66 «le
239 1310 142 66 rôle
328 1310 320 66 d'Abner
596 1310 160 66 celui
702 1310 107 66 de
756 1310 285 66 Joad
987 1310 142 66 mais
1076 1310 107 66 je
1130 1310 196 66 n’avais
1272 1310 125 66 pas
1343 1310 160 66 encor
1432 1310 125 66 tout-

165 1357 243 56 «à-fait
342 1357 221 56 rempli
497 1357 133 56 ma
563 1357 199 56 tâche
696 1357 155 56 que
784 1357 133 56 M.
850 1357 133 56 de
917 1357 265 56 Voltaire
1116 1357 243 56 s’écria
1293 1357 177 56 avec
1403 1357 133 56 un
1447 1357 111 56 en-

164 1400 332 64 «thousiasme
430 1400 222 64 divin;
585 1400 155 64 Ah!
674 1400 155 64 mon
762 1400 199 64 Dieu,
895 1400 155 64 les
984 1400 199 64 beaux
1117 1400 199 64 vers!
1250 1400 133 64 Et
1316 1400 133 64 ce
1383 1400 199 64 qu’il
1494 1400 66 64 y

159 1450 130 60 «a
224 1450 130 60 de
289 1450 173 60 bien
398 1450 282 60 étonnant,
614 1450 195 60 c’est
744 1450 152 60 que
831 1450 195 60 toute
961 1450 130 60 la
1026 1450 195 60 pièce
1156 1450 152 60 est
1242 1450 217 60 écrite
1394 1450 173 60 avec
1480 1450 87 60 la

155 1504 210 57 «même
295 1504 280 57 chaleur,
504 1504 140 57 la
574 1504 186 57 même
691 1504 233 57 pureté
854 1504 233 57 depuis
1017 1504 140 57 la
1087 1504 280 57 première
1297 1504 210 57 scène
1413 1504 140 57 jus-

165 1550 199 51 «qu’à
298 1550 133 51 la
364 1550 288 51 dernière,
586 1550 199 51 c’est
718 1550 155 51 que
807 1550 133 51 la
874 1550 221 51 poésie
1029 1550 133 51 en
1095 1550 155 51 est
1184 1550 332 51 inimitable,
1427 1550 133 51 etc.

165 1601 244 60 «Adieu,
342 1601 155 60 mon
431 1601 244 60 enfant,
608 1601 332 60 ajouta-t-il
874 1601 133 60 en
940 1601 376 60 m’embrassant,
1250 1601 199 60 c’est
1383 1601 155 60 moi
1449 1601 111 60 qui

160 1650 201 55 «vous
294 1650 223 55 prédis
450 1650 156 55 que
539 1650 179 55 vous
651 1650 201 55 aurés
785 1650 134 55 la
852 1650 179 55 voix
963 1650 335 55 déchirante,
1231 1650 156 55 que
1320 1650 179 55 vous
1410 1650 156 55 ferés

156 1684 156 60 «un
245 1684 179 60 jour
357 1684 179 60 tous
469 1684 156 60 les
558 1684 268 60 plaisirs
759 1684 134 60 de
826 1684 224 60 Paris,
983 1684 179 60 mais
1095 1684 179 60 pour
1206 1684 201 60 Dieu,
1340 1684 134 60 ne
1385 1684 179 60 montés

94 1744 126 43 «

214 1739 208 66 jamais
360 1739 146 66 sur
443 1739 125 66 un
506 1739 229 66 théâtre
672 1739 229 66 public.
839 1739 187 66 Voilà
963 1739 125 66 le
1026 1739 208 66 précis
1172 1739 125 66 le
1234 1739 167 66 plus
1338 1739 167 66 vrai
1442 1739 125 66 de
1484 1739 83 66 ma

162 1784 284 57 «première
380 1784 262 57 entrevue
577 1784 175 57 avec
686 1784 131 57 M.
751 1784 131 57 de
817 1784 284 57 Voltaire;
1035 1784 131 57 la
1101 1784 240 57 seconde
1275 1784 153 57 fut
1363 1784 175 57 plus
1450 1784 109 57 ré-

161 1838 280 53 «solutive
377 1838 280 53 puisqu’il
593 1838 302 53 consentit,
830 1838 194 53 après
959 1838 151 53 les
1046 1838 173 53 plus
1153 1838 194 53 vives
1283 1838 280 53 instances
1477 1838 86 53 de

154 1883 160 57 «ma
246 1883 206 57 part,
383 1883 114 57 à
429 1883 137 57 me
497 1883 320 57 recueillir
749 1883 183 57 chez
863 1883 160 57 lui
955 1883 206 57 comme
1092 1883 160 57 son
1183 1883 389 57 pensionnaire,
1481 1883 91 57 et

161 1934 132 55 «à
227 1934 197 55 faire
358 1934 197 55 bâtir
490 1934 285 55 au-dessus
709 1934 132 55 de
775 1934 154 55 son
863 1934 263 55 logement
1060 1934 132 55 un
1126 1934 197 55 petit
1258 1934 241 55 théâtre
1433 1934 132 55 où
1477 1934 88 55 il

160 1974 174 67 «eut
269 1974 130 67 la
334 1974 196 67 bonté
465 1974 130 67 de
530 1974 130 67 me
595 1974 196 67 faire
726 1974 196 67 jouer
856 1974 174 67 avec
965 1974 152 67 ses
1052 1974 217 67 nièces
1204 1974 130 67 et
1269 1974 196 67 toute
1400 1974 130 67 ma
1443 1974 109 67 so-

161 2026 237 54 «ciété;
334 2026 129 54 il
398 2026 129 54 ne
463 2026 215 54 voyait
614 2026 237 54 qu’avec
786 2026 151 54 une
873 2026 323 54 déplaisance
1131 2026 259 54 horrible
1325 2026 194 54 qu’il
1433 2026 129 54 nous

160 2076 161 71 «en
252 2076 207 71 avait
390 2076 207 71 couté
529 2076 346 71 jusqu’alors
805 2076 276 71 beaucoup
1012 2076 276 71 d’argent
1220 2076 184 71 pour
1335 2076 230 71 amuser
1473 2076 92 71 le

69 2112 165 61 «

199 2118 228 64 public
359 2118 137 64 et
428 2118 160 64 nos
496 2118 297 64 amis......»

105 2143 196 88 5490.
236 2143 415 88 Lelewel
585 2143 305 88 historien,
825 2143 284 88 numismate
1043 2143 284 88 polonais.
1262 2143 131 88 1°
1305 2143 262 88 Certificat

153 2209 172 68 aut.
260 2209 172 68 sig.
367 2209 300 68 Bruxelles,
603 2209 129 68 21
668 2209 236 68 février
839 2209 193 68 1835.
968 2209 193 68 Quart
1097 2209 129 68 de
1161 2209 172 68 page
1269 2209 193 68 in-4.
1397 2209 107 68 —
1440 2209 129 68 2°
1483 2209 86 68 L.

161 2271 165 48 sig.
265 2271 145 48 (en
347 2271 290 48 polonais).
575 2271 207 48 Paris,
720 2271 186 48 1832.
844 2271 103 48 1
885 2271 124 48 p.
947 2271 186 48 in-8.
1072 2271 165 48 Tête
1175 2271 207 48 impr.,
1320 2271 165 48 avec
1423 2271 124 48 la
1465 2271 103 48 vi-

164 2308 197 60 gnette
302 2308 118 60 du
361 2308 197 60 comité
499 2308 236 60 national
676 2308 256 60 polonais.
873 2308 98 60 3
893 2308 59 60 »

106 2342 188 76 5491.
232 2342 293 76 Lenglet
462 2342 125 76 du
524 2342 314 76 Fresnoy
775 2342 293 76 (Nicolas),
1005 2342 335 76 littérateur,
1277 2342 293 76 historien.
1486 2342 84 76 L.

155 2408 135 59 a.
222 2408 157 59 s.,
312 2408 112 59 à
356 2408 157 59 Son
446 2408 359 59 Eminence....
738 2408 224 59 Paris,
895 2408 135 59 30
962 2408 179 59 mars
1074 2408 202 59 1750.
1209 2408 112 59 1
1254 2408 135 59 p.
1321 2408 202 59 in-4.
1456 2408 112 59 7
1478 2408 90 59 50

198 2450 124 62 Il
260 2450 186 62 vient
384 2450 124 62 de
446 2450 207 62 sortir
591 2450 124 62 de
653 2450 124 62 la
715 2450 248 62 Bastille
901 2450 124 62 et
963 2450 289 62 d’éprouver
1190 2450 145 62 une
1273 2450 248 62 nouvelle
1438 2450 124 62 dis-

162 2505 184 66 grâce
284 2505 123 66 au
346 2505 184 66 sujet
468 2505 123 66 de
529 2505 143 66 son
611 2505 307 66 calendrier,
857 2505 123 66 la
918 2505 164 66 page
1020 2505 123 66 61
1081 2505 123 66 de
1143 2505 123 66 ce
1204 2505 184 66 petit
1327 2505 184 66 livre
1429 2505 143 66 ayant

156 2557 229 61 irrité
317 2557 390 61 l’ambassadeur
615 2557 321 61 d’Angleterre

109 2584 185 71 5492.
233 2584 287 71 Léopold
458 2584 246 71 Ier,
643 2584 144 71 roi
725 2584 144 71 des
807 2584 226 71 Belges.
971 2584 123 71 L.
1033 2584 164 71 aut.
1135 2584 164 71 sig.
1238 2584 246 71 Ardenne,
1422 2584 103 71 4
1443 2584 123 71 jan-

167 2644 149 59 vier
260 2644 167 59 1846.
372 2644 93 59 4
409 2644 111 59 p.
465 2644 130 59 pl.
539 2644 167 59 in-8.
650 2644 316 59 intéressante.
910 2644 111 59 25
947 2644 56 59 »

113 2676 198 81 5493.
245 2676 505 81 Marie-Louise
684 2676 439 81 (l’impératrice),
1058 2676 242 81 seconde
1233 2676 198 81 femme
1365 2676 132 81 de
1409 2676 154 81 Napo-

155 2745 171 50 léon.
269 2745 114 50 P.
326 2745 152 50 sig.
421 2745 342 50 Louise
705 2745 133 50 sur
781 2745 266 50 parchemin,
990 2745 114 50 et
1047 2745 323 50 contresignée,
1312 2745 152 50 pour
1407 2745 114 50 le
1445 2745 114 50 car-

148 2795 213 80 dinal
290 2795 213 80 grand
432 2795 284 80 aumônier
645 2795 142 80 de
716 2795 307 80 l’empire,
952 2795 166 80 par
1047 2795 236 80 Louis,
1212 2795 236 80 évêque
1378 2795 142 80 de
1425 2795 142 80 Ver
