1616 2884
602 22 182 88 —
674 22 255 88 307
784 22 109 88 —

82 117 185 65 elle,
206 117 123 65 et
267 117 123 65 ne
329 117 226 65 peuvent
493 117 267 65 s’étendre
699 117 103 65 à
740 117 246 65 soulager
924 117 205 65 toutes
1068 117 144 65 les
1150 117 288 65 infortunes
1356 117 123 65 dont

86 173 122 58 le
147 173 203 58 secret
289 173 122 58 et
350 173 142 58 les
431 173 244 58 douleurs
614 173 142 58 lui
695 173 162 58 sont
776 173 264 58 confiées...

38 194 179 103 3798.
158 194 359 103 Aubery
457 194 120 103 L.
516 194 159 103 aut.
616 194 199 103 sig.,,
756 194 100 103 à
795 194 120 103 M.
855 194 299 103 d’Argenson,
1094 194 279 103 conseiller
1294 194 179 103 d’état.

78 267 423 60 Saint-Victor,
426 267 249 60 samedi
600 267 149 60 23
675 267 298 60 janvier,
899 267 124 60 2
949 267 149 60 p.
1023 267 224 60 in-4.
1173 267 274 60 Cachet.
1372 267 124 60 3
1396 267 75 60 »

129 310 135 66 Au
196 310 202 66 sujet
331 310 135 66 de
398 310 202 66 douze
533 310 202 66 aunes
668 310 135 66 de
735 310 247 66 peluche
915 310 202 66 qu’on
1050 310 157 66 lui
1140 310 112 66 a
1185 310 292 66 arrétées,
1387 310 90 66 et

83 336 193 90 qu’il
211 336 236 90 faisait
383 336 193 90 venir
511 336 257 90 d’Amiens
704 336 129 90 ou
769 336 172 90 elle
876 336 129 90 se
940 336 322 90 fabrique...
1197 336 129 90 Il
1262 336 129 90 na
1305 336 172 90 jamais

85 407 146 64 ouï
168 407 167 64 dire
273 407 187 64 qu’il
397 407 146 64 fût
481 407 229 64 défendu
647 407 125 64 de
710 407 187 64 faire
835 407 187 64 venir
960 407 146 64 des
1043 407 208 64 terres
1189 407 125 64 de
1251 407 125 64 la
1293 407 187 64 domina-

88 454 161 75 tion
189 454 121 75 du
249 454 141 75 roi
330 454 121 75 ce
390 454 141 75 qui
471 454 141 75 s’y
532 454 262 75 fabrique...

40 480 182 104 3799.
161 480 304 104 Aude
405 480 142 104 (le
486 480 304 104 chevalier),
729 480 203 104 auteur
871 480 304 104 dramatique,
1114 480 203 104 ancien
1236 480 243 104 secrétaire

85 558 125 51 de
148 558 229 51 Buffon.
314 558 125 51 L.
376 558 166 51 aut.
480 558 187 51 sig.,
605 558 125 51 au
667 558 187 51 baron
792 558 125 51 de
854 558 249 51 Barante.
1041 558 208 51 Paris,
1187 558 229 51 février
1332 558 146 51 1816.

23 609 404 58 2
185 609 485 58 p.
428 609 890 58 in-fol.
1075 609 404 58 2
1155 609 324 58 50

38 644 186 79 3800.
162 644 330 79 Audra
430 644 227 79 (l’abbé
595 644 247 79 Joseph),
781 644 289 79 professeur
1008 644 124 79 de
1070 644 330 79 philosophie,
1317 644 165 79 auteur

89 698 172 54 d’une
203 698 286 54 Histoire
433 698 325 54 générale
700 698 115 54 Il
757 698 210 54 chercha
910 698 95 54 à
948 698 172 54 faire
1063 698 248 54 triompher
1235 698 248 54 l’innocence

86 747 133 49 de
152 747 244 49 Sirven,
329 747 133 49 ce
396 747 155 49 qui
484 747 155 49 lui
573 747 244 49 procura
750 747 266 49 l’amitié
950 747 133 49 et
1016 747 133 49 la
1082 747 399 49 correspondance
1392 747 89 49 de

88 795 248 64 Voltaire.
279 795 115 64 Né
336 795 95 64 à
374 795 286 64 Lyon
604 795 115 64 en
661 795 172 64 1714.
775 795 153 64 Mort
871 795 115 64 en
928 795 172 64 1770.
1043 795 115 64 L.
1100 795 153 64 aut.
1196 795 172 64 sig.,
1310 795 95 64 à
1329 795 153 64 l’abbé

83 835 237 69 Mercier
256 835 129 69 de
320 835 345 69 Saint-Léger.
601 835 129 69 Le
665 835 194 69 Jard,
795 835 129 69 23
859 835 172 69 oct.
967 835 194 69 1752.
1096 835 108 69 2
1139 835 129 69 p.
1204 835 194 69 in-8.
1312 835 172 69 Affec-

53 890 604 58 tueuse.
492 890 934 58 Intéressante.
1261 890 275 58 5
1316 890 165 58 »

42 925 180 84 3801.
162 925 320 84 Auger
422 925 220 84 (L.-S.)
582 925 320 84 littérateur,
841 925 200 84 membre
981 925 120 84 de
1041 925 280 84 l’Académie
1241 925 240 84 française.

85 985 147 56 L.
159 985 196 56 aut.
282 985 196 56 sig.
404 985 147 56 12
478 985 270 56 floréal
674 985 147 56 an
747 985 221 56 VIII.
895 985 123 56 2
944 985 147 56 p.
1017 985 147 56 et
1091 985 221 56 demie
1238 985 221 56 in-4.
1385 985 123 56 2
1409 985 74 56 »

42 1022 169 84 3802.
155 1022 318 84 Auger
417 1022 187 84 avocat
548 1022 112 84 du
604 1022 150 84 roi,
698 1022 94 84 à
735 1022 187 84 Paris,
866 1022 187 84 auteur
997 1022 131 84 de:
1072 1022 243 84 Traité
1259 1022 131 84 sur
1315 1022 169 84 les

92 1076 256 63 Tailles
293 1076 110 63 et
348 1076 128 63 les
421 1076 238 63 tribunaux
604 1076 128 63 qui
677 1076 274 63 connaissent
897 1076 110 63 de
951 1076 165 63 cette
1061 1076 329 63 imposition
1317 1076 165 63 (1788).

76 1128 196 56 L.
174 1128 229 56 aut
305 1128 261 56 sig.
468 1128 163 56 2
534 1128 359 56 février
795 1128 294 56 1786.
991 1128 163 56 2
1056 1128 196 56 p.
1154 1128 294 56 in-4.
1350 1128 163 56 2
1383 1128 98 56 »

44 1164 173 86 3803.
159 1164 346 86 Auvity,
448 1164 269 86 chirurgien
659 1164 115 86 en
717 1164 154 86 chef
813 1164 115 86 de
871 1164 250 86 l'hospice
1063 1164 115 86 de
1121 1164 115 86 la
1178 1164 269 86 Maternité.
1371 1164 115 86 Cer-

90 1235 252 49 tificat
273 1235 183 49 aut.
387 1235 183 49 sig.
502 1235 229 49 Paris,
662 1235 137 49 28
730 1235 252 49 janvier
913 1235 206 49 1808.
1051 1235 114 49 1
1096 1235 137 49 p.
1165 1235 160 49 pl.
1256 1235 206 49 in-4.
1394 1235 114 49 2
1416 1235 69 49 »

45 1269 160 72 3804.
152 1269 302 72 Azaïs,
401 1269 267 72 philosophe,
614 1269 178 72 auteur
739 1269 107 72 du
792 1269 249 72 Système
988 1269 125 72 des
1059 1269 391 72 compensations
1379 1269 107 72 etc.

93 1319 103 53 Né
144 1319 86 53 à
179 1319 293 53 Sorèze
420 1319 189 53 (Tarn).
558 1319 103 53 L.
610 1319 138 53 aut.
696 1319 155 53 sig.,
799 1319 103 53 au
851 1319 224 53 rédacteur
1023 1319 103 53 du
1075 1319 345 53 Courrier
1350 1319 138 53 Paris,

68 1376 215 76 3
154 1376 558 76 septembre
583 1376 386 76 1819.
841 1376 215 76 2
927 1376 258 76 p.
1056 1376 386 76 in-4.
1313 1376 215 76 5
1356 1376 129 76 »

135 1422 133 62 M.
201 1422 244 62 Decazes
379 1422 111 62 a
423 1422 222 62 honoré
579 1422 155 62 ses
668 1422 311 62 sentiments
912 1422 133 62 de
978 1422 133 62 sa
1045 1422 311 62 confiance,
1289 1422 178 62 sans
1378 1422 111 62 ja-

90 1456 180 70 mais
203 1456 180 70 leur
316 1456 270 70 imprimer
519 1456 158 70 une
609 1456 316 70 direction.
857 1456 203 70 «Tout
992 1456 270 70 Français
1195 1456 270 70 éclairé,
1375 1456 113 70 pa-

92 1520 262 59 «triote,
289 1520 327 59 sincèrement
551 1520 218 59 dévoué
703 1520 131 59 au
769 1520 153 59 roi
856 1520 131 59 et
922 1520 109 59 à
965 1520 131 59 la
1031 1520 306 59 monarchie,
1271 1520 131 59 na
1336 1520 131 59 eu
1380 1520 109 59 be-

92 1559 200 58 «soin
225 1559 155 58 des
314 1559 355 58 inspirations
602 1559 133 58 de
669 1559 266 58 personne
869 1559 178 58 pour
980 1559 244 58 relever
1157 1559 133 58 ce
1224 1559 155 58 que
1312 1559 155 58 les
1379 1559 111 58 er-

94 1612 205 55 «reurs
237 1612 123 55 et
298 1612 143 55 les
380 1612 287 55 injustices
606 1612 123 55 de
667 1612 123 55 M.
729 1612 123 55 de
790 1612 348 55 Châteaubriand
1077 1612 143 55 ont
1159 1612 123 55 eu
1221 1612 123 55 de
1262 1612 225 55 contraire

93 1652 128 76 «à
157 1652 128 76 la
220 1652 234 76 raison,
390 1652 106 76 à
433 1652 128 76 la
497 1652 170 76 paix
603 1652 276 76 publique,
815 1652 106 76 à
858 1652 276 76 l’honneur
1070 1652 319 76 national...
1304 1652 64 76 »

46 1689 197 90 3805.
177 1689 460 90 Barthélemy
572 1689 306 90 (François,
812 1689 241 90 marquis
987 1689 175 90 de),
1097 1689 350 90 ambassadeur,
1360 1689 131 90 mem-

95 1747 143 91 bre
176 1747 123 91 du
238 1747 307 91 directoire,
484 1747 266 91 sénateur,
688 1747 164 91 etc.
791 1747 123 91 L.
852 1747 164 91 aut.
955 1747 164 91 sig.
1057 1747 205 91 Paris,
1200 1747 123 91 13
1262 1747 164 91 oct.
1344 1747 143 91 1806.

39 1795 363 63 1
185 1795 435 63 p.
402 1795 508 63 pl.
692 1795 653 63 in-4.
1127 1795 363 63 2
1200 1795 290 63 50

48 1825 187 102 3806.
173 1825 292 102 Bastard
402 1825 333 102 d’Estang
673 1825 146 102 (le
756 1825 187 102 comte
881 1825 167 102 de),
985 1825 167 102 pair
1089 1825 125 102 de
1152 1825 229 102 France,
1318 1825 125 102 L.
1360 1825 125 102 aut.

94 1905 196 64 sig.,
225 1905 109 64 à
268 1905 131 64 M.
334 1905 131 64 le
399 1905 305 64 chancelier
638 1905 131 64 de
704 1905 239 64 France.
878 1905 109 64 2
921 1905 131 64 p.
986 1905 152 64 pl.
1074 1905 131 64 et
1139 1905 196 64 demie
1269 1905 196 64 in-4.
1400 1905 109 64 6
1422 1905 65 64 »

144 1948 171 52 «...
251 1948 214 52 Qu’ils
400 1948 171 52 sont
507 1948 299 52 horribles,
742 1948 150 52 les
828 1948 192 52 temps
956 1948 128 52 de
1020 1948 299 52 révolution
1256 1948 128 52 où
1320 1948 128 52 il
1363 1948 128 52 faut

99 1984 199 73 «faire
238 1984 99 73 à
278 1984 199 73 chaque
417 1984 219 73 instant
576 1984 119 73 la
636 1984 278 73 révélation
855 1984 119 73 de
914 1984 119 73 sa
974 1984 139 73 foi
1054 1984 99 73 à
1093 1984 179 73 telle
1213 1984 119 73 ou
1272 1984 179 73 telle
1372 1984 119 73 doc-

98 2041 239 63 «trine,
272 2041 130 63 où
337 2041 174 63 l’on
446 2041 239 63 regarde
620 2041 196 63 comme
751 2041 217 63 ennemi
903 2041 174 63 tout
1012 2041 130 63 ce
1077 2041 152 63 qui
1164 2041 152 63 ose
1251 2041 217 63 douter
1381 2041 109 63 sur

99 2093 143 58 «un
180 2093 205 58 point,
324 2093 123 58 et
385 2093 164 58 qui,
488 2093 205 58 fidèle
631 2093 102 58 à
672 2093 143 58 ses
754 2093 246 58 devoirs,
938 2093 143 58 aux
1020 2093 205 58 grands
1163 2093 266 58 principes
1348 2093 143 58 d’or-

99 2123 198 73 «dre,
231 2123 132 73 de
297 2123 220 73 morale
452 2123 132 73 et
518 2123 132 73 de
584 2123 287 73 religion,
805 2123 110 73 a
849 2123 132 73 le
915 2123 265 73 malheur,
1113 2123 132 73 je
1179 2123 132 73 ne
1245 2123 154 73 dis
1334 2123 154 73 pas
1400 2123 88 73 de

98 2202 243 48 «blâmer
275 2202 243 48 quelque
451 2202 221 48 chose,
606 2202 177 48 mais
716 2202 133 48 de
783 2202 133 48 ne
849 2202 155 48 pas
937 2202 177 48 tout
1026 2202 309 48 approuver...

53 2221 193 89 3807.
181 2221 300 89 Bastard
417 2221 129 89 de
482 2221 343 89 l’Estang
761 2221 150 89 (le
846 2221 193 89 comte
975 2221 172 89 de),
1082 2221 172 89 pair
1190 2221 129 89 de
1254 2221 236 89 France.
1404 2221 86 89 L.

95 2274 180 93 aut.
208 2274 203 93 sig.,
343 2274 113 93 à
388 2274 158 93 son
478 2274 225 93 ami...
636 2274 270 93 Lasalle,
838 2274 158 93 par
928 2274 248 93 Fleurs,
1108 2274 135 93 12
1176 2274 180 93 mai.
1288 2274 113 93 4
1333 2274 135 93 p.
1378 2274 113 93 pl.

-33 2321 1373 80 in-8.
883 2321 763 80 5
1035 2321 458 80 »

146 2365 214 74 Lettre
295 2365 257 74 curieuse
488 2365 128 74 au
552 2365 193 74 sujet
681 2365 128 74 du
745 2365 235 74 mariage
916 2365 128 74 du
980 2365 150 74 duc
1066 2365 300 74 d’Orléans.
1280 2365 214 74 Pourquoi

100 2413 261 71 irait-il
296 2413 109 71 à
339 2413 391 71 Fontainebleau?
666 2413 130 71 Il
731 2413 196 71 n'est
861 2413 152 71 pas
948 2413 130 71 du
1014 2413 217 71 bureau
1166 2413 130 71 de
1231 2413 130 71 la
1275 2413 217 71 Chambre,

102 2471 140 57 les
182 2471 380 57 vice-présidents
502 2471 120 57 ne
562 2471 160 57 sont
662 2471 160 57 rien
763 2471 120 57 où
823 2471 140 57 est
903 2471 120 57 le
943 2471 280 57 président...

57 2484 167 116 3808.
169 2484 390 116 Beauchesne
504 2484 130 116 (A.
578 2484 149 116 de),
671 2484 186 116 auteur
801 2484 112 116 de
857 2484 112 116 la
913 2484 186 116 Vie
1043 2484 112 116 de
1099 2484 167 116 Louis
1210 2484 242 116 XVII
1377 2484 112 116 etc.

106 2560 119 63 L.
166 2560 159 63 aut.
265 2560 179 63 sig.,
384 2560 99 63 à
424 2560 119 63 M.
483 2560 218 63 Charles
642 2560 218 63 Nodier.
801 2560 198 63 Paris,
939 2560 119 63 19
999 2560 218 63 juillet
1158 2560 179 63 1834.
1277 2560 99 63 2
1316 2560 119 63 p.
1356 2560 139 63 in

46 2603 1300 74 Intéressante.
1116 2603 382 74 2
1192 2603 306 74 50

60 2652 146 94 3809
151 2652 328 94 Bernard
424 2652 127 94 (de
497 2652 273 94 Marseille),
715 2652 182 94 auteur
843 2652 109 94 de
897 2652 273 94 l'Abrégé
1116 2652 109 94 de
1170 2652 255 94 l'Histoire
1352 2652 146 94 de

107 2702 167 98 la
219 2702 260 98 Grèce,
423 2702 186 98 depuis
553 2702 130 98 son
627 2702 223 98 origine,
794 2702 149 98 etc.
887 2702 111 98 L.
943 2702 149 98 aut.
1036 2702 167 98 sig.,
1147 2702 93 98 à
1184 2702 111 98 M.
1240 2702 223 98 Lévêque,
1389 2702 111 98 pro
