1630 2883
614 32 178 81 —
686 32 249 81 319
792 32 107 81 —

39 97 201 102 comme
173 97 156 102 par
262 97 179 102 quel
374 97 223 102 talent
530 97 134 102 et
597 97 156 102 par
686 97 179 102 quel
798 97 268 102 courage,
999 97 268 102 Béranger
1200 97 112 102 a
1244 97 246 102 conquis
1401 97 89 102 la

37 191 281 66 glorieuse
254 191 130 66 et
319 191 390 66 indestructible
644 191 303 66 popularité
882 191 152 66 qui
968 191 281 66 s’attache
1185 191 108 66 à
1228 191 152 66 son
1315 191 173 66 nom.
1401 191 87 66 Ce

40 251 194 59 n’est
170 251 151 59 pas
256 251 151 59 non
342 251 172 59 plus
450 251 129 59 la
514 251 194 59 seule
643 251 258 59 histoire
837 251 129 59 du
902 251 194 59 poëte
1031 251 151 59 que
1117 251 151 59 ces
1203 251 237 59 lettres
1354 251 129 59 con-

35 302 274 63 tiennent.
246 302 295 63 L’histoire
478 302 169 63 même
584 302 127 63 de
647 302 127 63 la
710 302 211 63 France
858 302 127 63 et
921 302 127 63 de
985 302 148 63 ses
1069 302 295 63 meilleures
1280 302 211 63 citoyens

39 362 105 57 y
81 362 253 57 trouvera
270 362 168 57 plus
376 362 189 57 d’une
502 362 189 57 belle
628 362 168 57 page
733 362 105 57 à
776 362 316 57 recueillir.
1028 362 337 57 Littérature,
1281 362 210 57 philoso-

43 398 189 76 phie,
169 398 294 76 politique,
400 398 189 76 cette
525 398 377 76 correspondance
840 398 273 76 précieuse
1050 398 252 76 embrasse
1238 398 168 76 tout
1343 398 126 76 ce
1385 398 105 76 qui

44 466 100 54 a
84 466 140 54 été
164 466 220 54 pendant
324 466 160 54 près
425 466 160 54 d’un
525 466 300 54 demi-siècle
765 466 120 54 la
825 466 180 54 force
945 466 120 54 et
1005 466 260 54 l’orgueil
1206 466 120 54 de
1266 466 120 54 la
1306 466 180 54 France;

35 507 130 77 et
100 507 195 77 c’est
230 507 130 77 un
296 507 239 77 honneur
469 507 173 77 pour
577 507 130 77 le
642 507 173 77 plus
751 507 195 77 élevé
881 507 239 77 d’entre
1054 507 195 77 nous,
1184 507 195 77 comme
1315 507 173 77 pour
1401 507 87 77 le

45 564 172 71 plus
152 564 236 71 humble,
324 564 236 71 d’avoir
496 564 150 71 été
582 564 193 71 l’ami
711 564 129 71 ou
775 564 129 71 le
839 564 365 71 correspondant
1140 564 172 71 d’un
1248 564 150 71 tel
1312 564 172 71 homme.

83 609 190 75 Après
209 609 169 75 nous
315 609 169 75 être
420 609 232 75 assurés
589 609 127 75 de
652 609 359 75 l’assentiment
948 609 127 75 et
1011 609 127 75 de
1074 609 232 75 l’appui
1243 609 127 75 de
1306 609 148 75 ses
1369 609 127 75 plus

36 660 238 67 intimes
209 660 130 67 et
274 660 130 67 de
339 660 151 67 ses
425 660 173 67 plus
533 660 238 67 anciens
706 660 194 67 amis,
836 660 173 67 nous
944 660 216 67 venons
1095 660 324 67 aujourd’hui
1333 660 151 67 faire

40 727 127 56 un
103 727 190 56 appel
230 727 232 56 général
399 727 106 56 à
441 727 169 56 tous
547 727 169 56 ceux
652 727 148 56 qui
737 727 275 56 possèdent
948 727 148 56 des
1032 727 232 56 lettres
1201 727 127 56 ou
1265 727 148 56 des
1328 727 169 56 écrits

44 785 136 54 de
112 785 294 54 Béranger.
338 785 204 54 Quand
474 785 362 54 Beaumarchais
768 785 226 54 voulut
927 785 317 54 recueillir
1175 785 136 54 la
1221 785 271 54 correspon-

38 836 192 56 dance
166 836 128 56 de
230 836 278 56 Voltaire,
444 836 128 56 il
508 836 235 56 rappela
679 836 128 56 au
743 836 192 56 monde
872 836 214 56 entier
1021 836 150 56 son
1107 836 192 56 génie
1235 836 128 56 et
1300 836 150 56 ses
1364 836 128 56 ser-

46 873 224 76 vices.
202 873 179 76 Nous
314 873 268 76 pouvons,
515 873 179 76 avec
627 873 134 76 la
694 873 179 76 même
806 873 313 76 assurance,
1052 873 268 76 affirmer
1253 873 157 76 que
1342 873 134 76 le
1387 873 112 76 re-

45 933 186 66 cueil
169 933 144 66 des
252 933 227 66 lettres
417 933 124 66 de
479 933 248 66 Béranger
664 933 144 66 est
747 933 165 66 l’un
850 933 124 66 de
912 933 144 66 ces
995 933 268 66 monuments
1201 933 165 66 dont
1304 933 165 66 tous
1387 933 103 66 les

41 981 238 80 hommes,
215 981 173 80 sans
323 981 325 80 distinction
583 981 303 80 d’origine,
821 981 130 80 de
886 981 195 80 parti
1016 981 130 80 ou
1081 981 303 80 d’opinion,
1298 981 195 80 peuvent

41 1056 168 49 être
146 1056 210 49 fiers,
293 1056 126 49 et
355 1056 105 49 à
397 1056 126 49 la
460 1056 293 49 perfection
691 1056 251 49 desquels
879 1056 147 49 ils
963 1056 231 49 doivent
1131 1056 293 49 travailler
1340 1056 147 49 tous.

44 1105 191 71 C’est
171 1105 255 71 préparer
362 1105 233 71 partout
532 1105 127 71 le
596 1105 255 71 triomphe
787 1105 149 71 des
872 1105 233 71 grandes
1041 1105 191 71 idées
1169 1105 127 71 de
1211 1105 276 71 modération,

45 1158 128 63 de
109 1158 298 63 tolérance,
343 1158 128 63 de
407 1158 192 63 paix,
535 1158 128 63 de
598 1158 256 63 concorde
790 1158 128 63 et
854 1158 277 63 d'espoir,
1067 1158 149 63 que
1152 1158 128 63 de
1216 1158 213 63 réunir
1344 1158 149 63 pieu-

46 1200 232 65 sement,
215 1200 127 65 et
278 1200 127 65 de
341 1200 232 65 publier
510 1200 295 65 fidèlement
742 1200 211 65 toutes
890 1200 148 65 les
974 1200 232 65 lettres
1143 1200 127 65 du
1207 1200 232 65 chantre
1375 1200 127 65 de
1418 1200 84 65 la

51 1255 213 74 Sainte
215 1255 197 74 alliance
362 1255 115 74 des
428 1255 246 74 peuples
625 1255 98 74 et
674 1255 98 74 du
723 1255 180 74 Dieu
854 1255 115 74 des
920 1255 164 74 bonnes
1019 1255 180 74 gens

83 1323 215 55 «Nous
226 1323 335 55 remercions
489 1323 287 55 d’avance
704 1323 167 55 les
800 1323 311 55 personnes
1039 1323 167 55 qui
1135 1323 287 55 voudront
1326 1323 167 55 bien,

43 1360 176 68 soit
153 1360 176 68 nous
262 1360 241 68 confier
438 1360 373 68 momentanément
745 1360 154 68 les
833 1360 351 68 autographes,
1118 1360 176 68 soit
1228 1360 176 68 nous
1315 1360 176 68 adres-

40 1422 143 76 ser
121 1422 143 76 les
203 1422 204 76 copies
345 1422 285 76 certifiées
570 1422 143 76 des
651 1422 204 76 écrits
794 1422 245 76 qu’elles
977 1422 285 76 possèdent,
1202 1422 122 76 et
1263 1422 102 76 y
1283 1422 204 76 joindre,

46 1491 131 47 en
112 1491 153 47 cas
199 1491 131 47 de
265 1491 240 47 besoin,
439 1491 153 47 les
527 1491 437 47 éclaircissements
898 1491 153 47 que
986 1491 153 47 ces
1073 1491 218 47 pièces
1204 1491 284 47 comportent.

49 1525 204 67 Aucune
191 1525 204 67 lettre
334 1525 184 67 n’est
457 1525 245 67 inutile;
640 1525 122 67 et
701 1525 184 67 celle
824 1525 143 67 qui
905 1525 204 67 paraît
1048 1525 224 67 n’avoir
1211 1525 122 67 en
1273 1525 143 67 soi
1334 1525 163 67 aucune

43 1575 328 95 importance,
306 1575 241 95 souvent
481 1575 197 95 donne
612 1575 131 95 de
678 1575 131 95 la
743 1575 219 95 valeur
897 1575 109 95 à
940 1575 153 95 une
1006 1575 175 95 autre.

86 1625 292 89 «Recevez,
310 1625 270 89 monsieur
513 1625 135 89 le
580 1625 315 89 rédacteur,
827 1625 337 89 l’assurance
1097 1625 135 89 de
1165 1625 202 89 notre
1277 1625 225 89 parfaite

22 1698 345 65 considération.

951 1774 252 105 Paul
1078 1774 315 105 BOITEAU,

131 1784 358 103 PERROTIN,

890 1860 139 58 108,
976 1860 121 58 rue
1046 1860 104 58 du
1098 1860 295 58 Cherche-Midi,
1341 1860 87 58 à
1358 1860 139 58 Paris.

51 1863 253 62 EXÉCUTEUR
245 1863 331 62 TESTAMENTAIRE
518 1863 117 62 DE
557 1863 214 62 BÉRANGER,

147 1917 123 62 41,
218 1917 123 62 rue
270 1917 334 62 Fontaine

576 2077 239 108 SOUS
696 2077 269 108 PRESSE:

53 2215 340 60 Catalogue
329 2215 191 60 d’une
456 2215 191 60 belle
584 2215 297 60 Collection
817 2215 127 60 de
881 2215 234 60 Lettres
1051 2215 425 60 autographes,
1391 2215 106 60 Ma-

95 2256 238 67 nuscrits,
278 2256 238 67 Documents
461 2256 293 67 historiques,
698 2256 165 67 etc.,
808 2256 256 67 comprenant
1009 2256 91 67 :
1046 2256 329 67 Correspondance
1302 2256 201 67 (inédite)

88 2318 121 51 de
148 2318 344 51 Beaumarchais;
432 2318 364 51 Correspondance
736 2318 263 51 (inédite,
938 2318 121 51 90
999 2318 243 51 lettres)
1181 2318 121 51 de
1222 2318 283 51 Jean

93 2364 269 51 Rousseau;
300 2364 372 51 Correspondance
610 2364 124 51 de
672 2364 248 51 Voltaire
858 2364 165 51 avec
961 2364 331 51 Mademoiselle
1229 2364 269 51 Quinault;
1415 2364 83 51 de

89 2403 239 56 Charlet,
269 2403 179 56 etc.;
388 2403 279 56 Manuscrits
608 2403 120 56 de
667 2403 239 56 Barnave,
847 2403 179 56 etc.,
967 2403 160 56 dont
1066 2403 120 56 la
1126 2403 179 56 vente
1246 2403 160 56 aura
1345 2403 160 56 lieu
1425 2403 80 56 le

90 2449 229 71 mercredi
262 2449 115 71 16
319 2449 210 71 février
472 2449 172 71 1859,
587 2449 115 71 et
644 2449 172 71 jours
759 2449 249 71 suivants,
950 2449 134 71 rue
1027 2449 134 71 des
1103 2449 325 71 Bons-Enfants,
1371 2449 115 71 n°
1409 2449 96 71 28,

87 2507 196 80 maison
205 2507 236 80 Silvestre.

90 2620 263 91 N.B
297 2620 113 91 M.
354 2620 226 91 LAVERDET
523 2620 132 91 est
598 2620 150 91 chez
692 2620 132 91 lui
767 2620 113 91 de
824 2620 94 91 1
861 2620 169 91 heure
974 2620 94 91 à
1012 2620 113 91 4,
1068 2620 132 91 les
1144 2620 245 91 dimanches
1332 2620 113 91 et
1369 2620 132 91 fêtes

59 2715 240 55 exceptés,
243 2715 111 55 et
299 2715 111 55 du
354 2715 111 55 15
410 2715 166 55 avril
521 2715 111 55 au
576 2715 111 55 15
631 2715 222 55 octobre,
798 2715 129 55 les
872 2715 240 55 mersredis
1056 2715 111 55 et
1112 2715 203 55 samedis
1241 2715 222 55 seulement.
