1510 3029
595 92 212 78 EN
665 92 247 78 VENTE

847 147 391 106 TECHENER,

251 158 154 94 A
313 158 185 94 LA
405 158 400 94 LIBRAIRIE
713 158 185 94 DE
774 158 123 94 J.

501 218 146 68 RUE
585 218 125 68 DE
647 218 334 68 L'ARBRE-SEC,
898 218 104 68 52.

1284 246 138 68 —

318 321 1129 94 CORRESPONDANCE

645 405 195 65 ENTRE

-22 494 1450 88 DUTHAUHETRAUA

1359 573 88 57 354

669 576 134 65 ET

307 653 696 96 BROSSEAAα;

457 730 211 69 Avocat
604 730 126 69 au
668 730 274 69 Parlement
878 730 126 69 de
921 730 148 69 Lyon.

342 784 253 68 PUBLIÉE
526 784 161 68 SUR
618 784 161 68 LES
710 784 322 68 MANUSCRITS
939 784 253 68 ORIGINAUX

469 837 183 79 PAR
573 837 287 79 AUGUSTE
756 837 287 79 LAVERDET,

235 900 551 97 INTRODUCTION
699 900 203 97 PAR
815 900 174 97 M.
902 900 261 97 JULES
1047 900 232 97 JANIN.

338 978 237 76 Première
528 978 174 76 édition
654 978 206 76 complète,
812 978 95 76 en
860 978 158 76 partie
955 978 221 76 inédite

65 1044 103 67 Un
116 1044 171 67 volume
236 1044 137 67 in-8
321 1044 103 67 de
373 1044 154 67 XXXII
475 1044 86 67 —
510 1044 120 67 608
578 1044 171 67 pages,
698 1044 137 67 avec
783 1044 120 67 six
852 1044 257 67 fac-simile,
1057 1044 103 67 et
1108 1044 103 67 la
1159 1044 239 67 généalogie
1347 1044 103 67 de
1382 1044 68 67 la

499 1085 193 70 famille
640 1085 105 70 de
692 1085 193 70 Boileau
815 1085 210 70 Despréaux.

660 1124 146 58 EE
708 1124 146 58 OOGE

280 1166 333 89 SOMMAIRE
530 1166 167 89 DU
614 1166 306 89 CONTENU
836 1166 167 89 DE
919 1166 167 89 CE
975 1166 250 89 VOLUME:

340 1227 267 66 (COMPLÉMENT
554 1227 125 66 DES
625 1227 196 66 ŒEUVRES
768 1227 107 66 DE
821 1227 196 66 BOILEAU
946 1227 232 66 DESPRÉAUX.)

42 1275 245 80 PREMIÈRE
225 1275 204 80 PARTIE
369 1275 245 80 (Premier
552 1275 204 80 volume
695 1275 123 80 du
757 1275 307 80 manuscrit).
1002 1275 102 80 —
1043 1275 368 80 Correspondance
1329 1275 143 80 entre

82 1344 213 53 Boiléau
236 1344 251 53 Despréaux
430 1344 116 53 et
487 1344 251 53 Brossette
681 1344 271 53 (contenant
893 1344 367 53 soixante-quinze
1202 1344 213 53 lettres
1338 1344 135 53 auto-

86 1385 210 57 graphes
238 1385 210 57 signées
391 1385 114 57 de
448 1385 210 57 Boileau
601 1385 286 57 Despréaux).
830 1385 95 57 —
868 1385 172 57 Arrêt
982 1385 114 57 de
1039 1385 229 57 noblesse
1211 1385 114 57 de
1268 1385 114 57 la
1306 1385 172 57 famille

518 1423 100 61 —
558 1423 241 61 Sentence
739 1423 140 61 des
819 1423 241 61 requêtes
999 1423 120 61 du
1060 1423 201 61 Palais
1200 1423 140 61 sur
1280 1423 120 61 le
1320 1423 161 61 procès

79 1429 127 51 de
142 1429 234 51 Boileau
291 1429 255 51 Despréaux.

87 1476 109 47 du
141 1476 200 47 Lutrin.
286 1476 91 47 —
323 1476 200 47 Lettres
468 1476 109 47 et
522 1476 181 47 pièces
649 1476 109 47 de
704 1476 200 47 divers.
849 1476 91 47 —
885 1476 236 47 Testament
1067 1476 109 47 de
1121 1476 200 47 Boileau
1248 1476 218 47 Despréaux.

46 1502 223 86 DEUXIÈME
213 1502 204 86 PARTIE,
362 1502 111 86 ou
418 1502 390 86 Supplément
751 1502 241 86 (deuxième
937 1502 186 86 volume
1067 1502 111 86 du
1123 1502 260 86 manuscrit)
1308 1502 167 86 compre-

80 1544 149 63 nant
173 1544 130 63 les
248 1544 205 63 papiers
397 1544 112 63 de
453 1544 205 63 Boileau
602 1544 242 63 Despréaux
788 1544 205 63 laissés
937 1544 93 63 à
974 1544 112 63 sa
1030 1544 168 63 mort,
1142 1544 112 63 et
1198 1544 186 63 donnés
1328 1544 93 63 à
1347 1544 130 63 Bros-

85 1592 181 65 sette
205 1592 141 65 par
286 1592 201 65 l’abbé
426 1592 241 65 Boileau,
607 1592 141 65 son
687 1592 201 65 frère.
828 1592 100 65 —
868 1592 141 65 Les
948 1592 181 65 Héros
1069 1592 120 65 du
1129 1592 201 65 Roman,
1249 1592 221 65 dialogue.

148 1639 164 51 Deux
251 1639 267 51 Épitaphes
456 1639 123 51 de
518 1639 226 51 Racine.
682 1639 103 51 —
723 1639 226 51 Réponse
887 1639 103 51 à
928 1639 123 51 un
990 1639 226 51 mémoire
1154 1639 123 51 de
1216 1639 205 51 Claude
1339 1639 123 51 Per-

90 1677 184 57 rault.
218 1677 92 57 —
255 1677 220 57 Lettres:
420 1677 110 57 au
475 1677 165 57 comte
585 1677 110 57 de
641 1677 220 57 Vivonne;
806 1677 92 57 à
843 1677 239 57 Maucroix;
1026 1677 92 57 à
1063 1677 184 57 Racine
1192 1677 147 57 (dix
1265 1677 202 57 lettres);

87 1729 100 48 à
127 1729 200 48 Madame
267 1729 241 48 Manchon,
448 1729 120 48 sa
508 1729 180 48 sœur;
628 1729 100 48 à
668 1729 200 48 Madame
809 1729 120 48 la
869 1729 241 48 marquise
1049 1729 120 48 de
1109 1729 261 48 Villette;
1310 1729 100 48 à
1350 1729 120 48 M.
1390 1729 80 48 de

1387 1764 84 54 à

87 1772 124 47 La
149 1772 268 47 Chapelle,
355 1772 144 47 son
438 1772 185 47 neveu
561 1772 165 47 (dix
664 1772 268 47 lettres);
870 1772 103 47 à
911 1772 124 47 M.
973 1772 124 47 le
1035 1772 185 47 comte
1158 1772 124 47 de
1199 1772 227 47 Maurepas;

85 1812 117 49 M.
144 1812 117 49 de
203 1812 352 49 Pontchartrain;
496 1812 98 49 à
535 1812 117 49 M.
594 1812 195 49 l’abbé
730 1812 215 49 Bignon;
887 1812 98 49 à
926 1812 117 49 M.
984 1812 117 49 le
1043 1812 176 49 comte
1160 1812 117 49 de
1219 1812 176 49 Revel
1336 1812 137 49 sur
1395 1812 78 49 le

80 1852 208 53 combat
226 1852 125 53 de
288 1852 249 53 Crémone;
475 1852 104 53 à
516 1852 125 53 M.
578 1852 125 53 Le
641 1852 249 53 Verrier;
828 1852 104 53 à
869 1852 311 53 Destouches;
1118 1852 125 53 au
1180 1852 166 53 père
1263 1852 208 53 Thoulier

88 1898 184 47 (trois
217 1898 240 47 lettres),
401 1898 166 47 etc.,
512 1898 203 47 etc...;
659 1898 221 47 Maucroix
825 1898 92 47 à
862 1898 240 47 Despréaux
1047 1898 166 47 (cinq
1157 1898 240 47 lettres);
1323 1898 148 47 Racine

83 1936 96 50 à
121 1936 269 50 Despréaux;
333 1936 115 50 le
390 1936 154 50 père
487 1936 231 50 Bouhours
660 1936 96 50 à
698 1936 269 50 Despréaux,
909 1936 173 50 etc.,
1025 1936 154 50 etc.
1121 1936 96 50 —
1159 1936 192 50 Pièces
1294 1936 115 50 de
1332 1936 135 50 vers:

86 1977 302 53 Épigrammes;
327 1977 221 53 Chanson
488 1977 101 53 à
528 1977 201 53 boire;
669 1977 221 53 Énigme;
830 1977 221 53 Parodie
991 1977 282 53 burlesque;
1212 1977 241 53 Réponses
1373 1977 101 53 aux

84 2018 235 58 jésuites
260 2018 117 58 de
319 2018 235 58 Trévoux;
495 2018 274 58 Quatrains;
710 2018 176 58 etc.,
827 2018 156 58 etc.
925 2018 235 58 Fragment
1101 2018 156 58 d’un
1198 2018 235 58 prologue
1355 2018 117 58 d’o-

90 2051 266 73 péra....;
294 2051 225 73 Préface
458 2051 164 73 pour
560 2051 123 73 la
622 2051 205 73 Satire
765 2051 164 73 XII;
867 2051 184 73 Notes
990 2051 164 73 pour
1092 2051 368 73 l’intelligence
1379 2051 102 73 des

85 2109 186 61 œuvres
216 2109 223 61 diverses
383 2109 112 61 de
439 2109 260 61 Despréaux,
644 2109 130 61 sur
718 2109 112 61 la
774 2109 205 61 préface
923 2109 112 61 de
978 2109 242 61 l’édition
1165 2109 149 61 in-4
1258 2109 112 61 de
1295 2109 130 61 1701.

47 2148 244 52 TROISIÈME
235 2148 206 52 PARTIE,
384 2148 112 52 ou
441 2148 393 52 Appendice
778 2148 94 52 —
815 2148 225 52 Mémoires
984 2148 112 52 de
1040 2148 262 52 Brossette,
1246 2148 131 52 sur
1302 2148 169 52 Boileau

87 2185 274 55 Despréaux,
302 2185 215 55 d’après
459 2185 137 55 les
537 2185 254 55 fragments
732 2185 254 55 originaux
928 2185 254 55 conservés
1123 2185 98 55 à
1162 2185 117 55 la
1201 2185 274 55 Bibliothèque

333 2233 224 49 Lettres
496 2233 122 49 de
557 2233 122 49 M.
618 2233 122 49 A.
679 2233 265 49 Péricaud,
883 2233 122 49 et
945 2233 347 49 dissertation,
1230 2233 122 49 au
1291 2233 184 49 sujet
1393 2233 82 49 de

67 2237 230 59 Impériale.

330 2272 178 66 Table
449 2272 277 66 analytique
666 2272 138 66 des
745 2272 178 66 noms,
864 2272 138 66 des
943 2272 198 66 lieux,
1082 2272 178 66 etc.,
1200 2272 178 66 cités
1319 2272 158 66 dans
1398 2272 79 66 la

80 2280 273 56 Brossette.
275 2280 59 56 —

90 2331 347 55 correspondance
379 2331 173 55 entre
494 2331 212 55 Boileau
649 2331 251 55 Despréaux
841 2331 116 55 et
880 2331 231 55 Brossette.

1312 2338 105 89 10
1347 2338 88 89 fr.

306 2377 195 61 papier
443 2377 176 61 carré
560 2377 195 61 vélin.
697 2377 98 61 .
736 2377 98 61 .
775 2377 98 61 .
794 2377 59 61 .

176 2377 151 65 Prix,

857 2377 408 69 εντεH?;CI2ETIIe

1302 2414 113 58 15
1340 2414 94 58 fr.

318 2416 183 58 papier
446 2416 165 58 grand
556 2416 183 58 raisin
666 2416 147 58 vélin.

760 2422 473 58 ν★ελμεIεUZι*,22r293

1307 2453 110 70 15
1343 2453 92 70 fr.

196 2429 78 70 3

1189 2471 102 42 ★
1209 2471 61 42 »

308 2465 203 56 papier
450 2465 183 56 grand
572 2465 203 56 raisin
714 2465 223 56 vergé..
876 2465 102 56 .
917 2465 102 56 .
957 2465 102 56 .
998 2465 102 56 .
1039 2465 102 56 .
1079 2465 102 56 .
1120 2465 102 56 .
1140 2465 61 56 .

259 2493 100 63 a
299 2493 139 63 été
379 2493 159 63 tiré
478 2493 279 63 vingt-cinq
697 2493 299 63 exemplaires
936 2493 139 63 sur
1015 2493 199 63 papier
1135 2493 139 63 grand

174 2490 115 63 Il.

84 2532 185 68 raisin
214 2532 167 68 fort,
325 2532 185 68 vergé,
455 2532 260 68 numérotés,
659 2532 241 68 avectitre
845 2532 204 68 imprimé
993 2532 148 68 noir
1086 2532 111 68 et
1123 2532 148 68 rouge,

1305 2566 119 75 30
1345 2566 99 75 fr.

1041 2581 230 61 ★
1133 2581 138 61 »

85 2591 110 53 et
140 2591 183 53 collés
267 2591 164 53 après
359 2591 274 53 l’impression.

997 2593 83 42 >
1014 2593 50 42 0

637 2596 59 51 6

37 2625 241 62 L’épitaphe
226 2625 103 62 de
278 2625 172 62 Racine
399 2625 121 62 par
468 2625 190 62 Boileau
606 2625 241 62 Despréaux,
795 2625 224 62 conservée
968 2625 138 62 dans
1054 2625 207 62 l’Église
1192 2625 276 62 Saint-

80 2678 205 52 au-Mont,
234 2678 102 52 et
285 2678 239 52 reproduite
473 2678 137 52 dans
558 2678 102 52 ce
609 2678 188 52 volume,
746 2678 85 52 a
780 2678 120 52 été
848 2678 154 52 tirée
951 2678 85 52 à
985 2678 154 52 part,
1087 2678 137 52 pour
1173 2678 120 52 les
1241 2678 154 52 trois
1326 2678 154 52 papiers

79 2714 158 68 grand
185 2714 193 68 raisin,
308 2714 211 68 seulement.

248 2815 173 67 Paris.
369 2815 86 67 —
403 2815 259 67 Typographie
610 2815 104 67 de
662 2815 190 67 Gaittet
800 2815 104 67 et
852 2815 138 67 Cie,
939 2815 121 67 rue
1008 2815 276 67 Git-le-Cœur,
1215 2815 69 67 7.
