1586 2921
635 63 184 82 —
709 63 258 82 406
819 63 111 82 —

114 135 126 79 L.
177 135 168 79 aut.
282 135 168 79 sig.
387 135 147 79 (en
471 135 273 79 anglais),
681 135 105 79 à
723 135 126 79 M.
786 135 294 79 Perregaux.
1018 135 252 79 Londres,
1207 135 105 79 3
1249 135 189 79 avril
1354 135 147 79 1801.

113 208 104 56 3
155 208 146 56 gr.
238 208 125 56 p.
300 208 187 56 in-4.
425 208 354 56 Intéressante.
716 208 312 56 (Collection
966 208 125 56 du
1029 208 187 56 baron
1153 208 125 56 de
1216 208 270 56 Trémont).
1424 208 104 56 6
1445 208 62 56 »

65 249 186 73 4905.
189 249 412 73 Bacciochi
540 249 247 73 officier
725 249 330 73 d’ordonnance
993 249 124 73 du
1055 249 268 73 président
1262 249 124 73 de
1323 249 124 73 la
1365 249 144 73 Répu-

113 303 222 61 blique.
274 303 121 61 L.
335 303 162 61 aut.
436 303 162 61 sig.
537 303 202 61 Palais
678 303 121 61 de
739 303 262 61 l’Elysée,
941 303 101 61 5
981 303 162 61 déc.
1082 303 182 61 1849.
1203 303 101 61 1
1244 303 121 61 p.
1304 303 182 61 in-8.
1425 303 101 61 2
1445 303 61 61 »

63 350 185 72 4906.
187 350 391 72 Badicini
516 350 267 72 (Joseph),
722 350 308 72 archéologue
968 350 247 72 italien.
1153 350 123 72 L.
1215 350 165 72 aut.
1318 350 165 72 sig.
1400 350 103 72 (en

109 397 293 68 italien),
335 397 113 68 à
380 397 338 68 Bartolomeo,
650 397 270 68 Pavazzi,
853 397 113 68 à
898 397 270 68 Bologne.
1101 397 293 68 Comeggio,
1326 397 135 68 13
1371 397 135 68 déc.

63 444 618 60 1837.
475 444 343 60 2
613 444 412 60 p.
818 444 618 60 in-4.
1230 444 343 60 2
1299 444 206 60 »

63 484 188 71 4907.
188 484 439 71 Ballanche,
564 484 209 71 membre
710 484 125 71 de
773 484 292 71 l’Académie
1003 484 292 71 française.
1233 484 125 71 1°
1295 484 209 71 Billet
1420 484 84 71 de

114 547 192 70 trois
242 547 214 70 lignes
392 547 171 70 aut.
498 547 171 70 sig.
605 547 150 70 1er
691 547 235 70 juillet
862 547 192 70 1840.
990 547 235 70 Demande
1161 547 171 70 d’un
1247 547 257 70 exemplaire

112 589 114 59 de
169 589 114 59 la
226 589 228 59 nouvelle
397 589 209 59 édition
549 589 114 59 de
606 589 228 59 l'Ame
777 589 285 59 exilée
1005 589 95 59 —
1043 589 114 59 2°
1100 589 114 59 L.
1157 589 152 59 aut.
1252 589 152 59 sig.
1347 589 114 59 B.
1404 589 95 59 1
1423 589 76 59 p.

111 635 193 94 in-8,
239 635 129 94 au
304 635 193 94 sujet
432 635 172 94 d’un
540 635 236 94 article
711 635 150 94 sur
797 635 129 94 la
861 635 279 94 Fête-Dieu
1076 635 129 94 et
1140 635 150 94 sur
1205 635 300 94 l’Abbaye-

-25 695 1375 50 Bois.
892 695 764 50 3
1045 695 458 50 »

64 722 160 82 4908.
171 722 338 82 Baptiste
456 722 142 82 aîné
545 722 320 82 (Nicolas-Bapt.
812 722 338 82 Anselme,
1097 722 160 82 dit),
1203 722 178 82 acteur
1328 722 107 82 de
1381 722 107 82 la
1417 722 89 82 Co

108 799 190 54 médie
234 799 295 54 Française.
466 799 126 54 L.
529 799 168 54 aut.
634 799 190 54 sig.,
761 799 105 54 à
803 799 126 54 M.
866 799 253 54 Milands,
1056 799 126 54 au
1119 799 232 54 théâtre
1287 799 126 54 de
1330 799 168 54 Douai.

104 831 275 62 Lille,
296 831 165 62 10
379 831 220 62 mars
516 831 248 62 1832.
681 831 138 62 1
736 831 165 62 p.
819 831 248 62 in-8.
984 831 468 62 Intéressante.
1369 831 138 62 3
1396 831 110 62 50

59 872 182 63 4909.
180 872 385 63 Baptiste
505 872 203 63 cadet,
647 872 203 63 acteur
789 872 122 63 du
849 872 223 63 Théâtre
1011 872 264 63 Français.
1214 872 122 63 L.
1275 872 162 63 aut.
1356 872 142 63 sig.,

102 931 123 58 à
152 931 320 58 Champein.
397 931 148 58 13
471 931 221 58 sept.
619 931 221 58 1812.
766 931 197 58 Deux
889 931 221 58 tiers
1037 931 148 58 de
1111 931 197 58 page
1234 931 221 58 in-4.
1381 931 123 58 2
1406 931 98 58 50

60 975 169 64 4910.
173 975 356 64 Barnave,
472 975 187 64 membre
603 975 112 64 de
659 975 281 64 l’Assemblée
884 975 318 64 Constituante.
1146 975 169 64 De
1259 975 112 64 la
1296 975 206 64 force

106 1022 188 59 du
231 1022 333 59 gouvernement
502 1022 313 59 établ.
752 1022 104 59 —
794 1022 208 59 Aperçu
940 1022 125 59 et
1002 1022 250 59 pensées.
1190 1022 104 59 —
1210 1022 292 59 L’ostracisme

106 1069 258 63 convient
299 1069 107 63 à
342 1069 129 63 la
406 1069 301 63 démocratie
643 1069 344 63 absolue.....
922 1069 301 63 Manuscrits
1158 1069 172 63 aut.
1266 1069 107 63 3
1309 1069 129 63 p.
1352 1069 150 63 in

29 1120 589 61 et
323 1120 1080 61 in-fol.
1109 1120 491 61 6
1207 1120 295 61 »

57 1180 200 61 4911.
190 1180 400 61 Barnave
524 1180 245 61 (Madame
702 1180 334 61 Despresle),
968 1180 178 61 mère
1080 1180 133 61 de
1146 1180 267 61 Barnave,
1324 1180 178 61 membre

105 1222 127 55 de
168 1222 317 55 l’Assemblée
422 1222 360 55 Constituante.
718 1222 127 55 L.
782 1222 169 55 aut.
888 1222 190 55 sig.,
1014 1222 127 55 au
1078 1222 233 55 citoyen
1247 1222 233 55 Jubier,
1395 1222 106 55 dé-

105 1272 169 56 puté
211 1272 127 56 de
274 1272 233 56 l’Isère
443 1272 127 56 au
507 1272 233 56 Conseil
676 1272 148 56 des
761 1272 169 56 cinq
866 1272 212 56 cents,
1014 1272 106 56 à
1057 1272 212 56 Paris.
1184 1272 317 56 Saint

104 1326 179 69 près
216 1326 292 69 Grenoble,
440 1326 135 69 19
507 1326 269 69 germinal
709 1326 135 69 an
776 1326 157 69 VI.
866 1326 112 69 2
911 1326 157 69 gr.
1001 1326 135 69 p.
1068 1326 157 69 pl.
1158 1326 135 69 et
1225 1326 202 69 demie
1337 1326 157 69 in

50 1358 840 60 Cachet.
661 1358 688 60 Rare.
1119 1358 458 60 25
1272 1358 229 60 »

152 1402 207 67 Lettre
297 1402 332 67 intéressante
567 1402 124 67 en
629 1402 207 67 faveur
774 1402 166 67 d’un
878 1402 187 67 jeune
1002 1402 228 67 citoyen
1168 1402 187 67 (Jean
1293 1402 207 67 David,
1417 1402 83 67 de

105 1463 295 50 Grenoble),
337 1463 127 50 et
400 1463 232 50 réclame
569 1463 169 50 pour
674 1463 148 50 lui
759 1463 127 50 sa
822 1463 295 50 protection
1054 1463 127 50 et
1117 1463 148 50 ses
1202 1463 169 50 bons
1286 1463 211 50 offices,

108 1501 172 60 Elle
215 1501 322 60 s'intéresse
472 1501 107 60 à
515 1501 150 60 lui
601 1501 386 60 infiniment....
923 1501 193 60 «Sest
1051 1501 129 60 un
1116 1501 193 60 élève
1245 1501 129 60 de
1309 1501 150 60 mon
1373 1501 129 60 fils

107 1554 180 61 «qui
219 1554 247 61 l’aimes
399 1554 292 61 beaucoup,
623 1554 135 61 et
691 1554 112 61 a
736 1554 157 61 qui
826 1554 135 61 se
893 1554 202 61 jeune
1028 1554 202 61 homme
1163 1554 112 61 a
1208 1554 270 61 témoigné
1388 1554 112 61 lui

102 1602 217 59 «même
247 1602 145 59 un
319 1602 338 59 atachement
584 1602 193 59 dont
705 1602 193 59 j’ay
826 1602 145 59 la
898 1602 193 59 plus
1019 1602 193 59 vive
1115 1602 386 59 reconnessance;

101 1646 267 57 «lorsque
301 1646 156 57 mon
390 1646 178 57 fils
501 1646 156 57 fut
590 1646 245 57 arretes
768 1646 133 57 il
835 1646 267 57 demandat
1035 1646 111 57 a
1079 1646 178 57 être
1191 1646 267 57 enfermes
1369 1646 133 57 avec

103 1695 172 64 «lui
210 1695 129 64 et
275 1695 129 64 ne
339 1695 129 64 la
404 1695 215 64 quites
554 1695 151 64 qua
640 1695 129 64 la
705 1695 323 64 malheureuse
963 1695 215 64 époque
1113 1695 129 64 ou
1178 1695 172 64 sest
1264 1695 237 64 infortuné

103 1744 176 67 «fut
213 1744 242 67 traduit
389 1744 110 67 à
411 1744 264 67 Paris....»

53 1786 174 72 4912.
168 1786 347 72 Barthe,
458 1786 212 72 avocat,
612 1786 232 72 ministre
786 1786 116 72 de
844 1786 116 72 la
902 1786 232 72 justice.
1075 1786 116 72 L.
1133 1786 154 72 aut.
1230 1786 154 72 sig.
1326 1786 116 72 Ce
1365 1786 135 72 lundi

74 1841 428 59 soir.
360 1841 238 59 1
455 1841 286 59 p.
598 1841 286 59 et
741 1841 428 59 quart
1026 1841 428 59 in-8.
1312 1841 238 59 2
1359 1841 143 59 »

52 1894 195 67 4913.
182 1894 519 67 Bassompierre
637 1894 130 67 L.
701 1894 173 67 aut.
810 1894 195 67 sig.,
939 1894 108 67 à
983 1894 216 67 M.....
1134 1894 281 67 Sauvigny,
1351 1894 130 67 18
1394 1894 108 67 oc-

83 1939 355 60 tobre
319 1939 355 60 1689.
556 1939 197 60 3
635 1939 276 60 gr.
792 1939 237 60 p.
911 1939 276 60 pl.
1068 1939 355 60 in-4.
1305 1939 237 60 10
1384 1939 118 60 »

147 1982 244 64 Demande
324 1982 200 64 d’une
458 1982 289 64 compagnie
680 1982 133 64 de
746 1982 289 64 cavalerie
968 1982 178 64 pour
1079 1982 155 64 son
1168 1982 178 64 fils
1279 1982 200 64 aîné,
1390 1982 111 64 qui

97 2035 158 55 est
188 2035 475 55 cornette-colonel.
595 2035 158 55 Ses
686 2035 226 55 neveux
844 2035 181 55 sont
958 2035 136 55 au
1026 2035 249 55 service
1207 2035 158 55 des
1275 2035 226 55 ennemis;

100 2081 173 53 mais
208 2081 173 53 lui,
316 2081 130 53 il
381 2081 108 53 a
424 2081 130 53 le
489 2081 238 53 dessein
662 2081 130 53 de
727 2081 216 53 mettre
878 2081 151 53 ses
964 2081 238 53 enfants
1137 2081 130 53 au
1202 2081 238 53 service
1374 2081 130 53 de
1418 2081 86 53 la

71 2133 294 56 France....

50 2171 189 78 4914.
176 2171 377 78 Batiste
490 2171 398 78 (Jean-Mathieu),
825 2171 251 78 chanteur
1014 2171 126 78 de
1077 2171 419 78 l’Opéra-Comique.
1412 2171 84 78 E.

101 2226 169 66 aut.
206 2226 169 66 sig.
312 2226 106 66 à
354 2226 274 66 Camérani.
565 2226 317 66 Strasbourg,
819 2226 106 66 2
861 2226 253 66 prairial
1051 2226 127 66 an
1114 2226 127 66 X.
1177 2226 106 66 2
1220 2226 127 66 p.
1283 2226 148 66 pl.
1346 2226 148 66 in

68 2273 693 60 Théâtrale.
612 2273 841 60 Intéressante.
1304 2273 247 60 5
1354 2273 148 60 »

50 2320 187 80 4915.
175 2320 374 80 Bausset
486 2320 145 80 (le
569 2320 270 80 chevalier
777 2320 166 80 de),
880 2320 457 80 lieutenant-général
1275 2320 145 80 des
1337 2320 166 80 armées

97 2368 270 58 navales.
300 2368 135 58 L.
368 2368 180 58 aut.
481 2368 203 58 sig.,
616 2368 113 58 à
661 2368 135 58 M.
729 2368 135 58 Du
796 2368 203 58 Roser
931 2368 338 58 Beaumanoir,
1202 2368 113 58 à
1225 2368 270 58 Landernau.

96 2420 227 50 Paris,
255 2420 136 50 10
323 2420 250 50 juillet
505 2420 250 50 (1784).
686 2420 113 50 2
732 2420 136 50 p.
800 2420 159 50 pl.
890 2420 136 50 et
958 2420 204 50 demie
1095 2420 204 50 in-4.
1231 2420 250 50 Cachet.
1390 2420 113 50 Cu-

0 2459 1271 66 rieuse.
925 2459 578 66 3
1041 2459 462 66 50

46 2513 205 64 4916.
183 2513 364 64 Bauzonnet
479 2513 137 64 et
547 2513 341 64 Trautz,
820 2513 296 64 relieurs.
1048 2513 137 64 L.
1116 2513 182 64 aut.
1230 2513 182 64 sig.
1321 2513 182 64 Paris,

93 2560 143 58 27
165 2560 215 58 avril
308 2560 215 58 1842.
451 2560 119 58 1
499 2560 143 58 p.
570 2560 215 58 in-8.
713 2560 286 58 Relative
928 2560 119 58 à
975 2560 167 58 des
1071 2560 405 58 reliures.....
1405 2560 119 58 2
1428 2560 72 58 »

46 2611 205 79 4917.
183 2611 432 79 Beaulieu
547 2611 250 79 général
729 2611 136 79 de
797 2611 273 79 brigade,
1002 2611 318 79 commandant
1252 2611 136 79 en
1320 2611 182 79 chef
1411 2611 91 79 la

96 2669 277 59 quinzième
308 2669 255 59 division
500 2669 298 59 militaire.
734 2669 128 59 L.
798 2669 170 59 aut.
904 2669 191 59 sig.,
1032 2669 106 59 à
1074 2669 298 59 Bouchotte,
1287 2669 213 59 ministre

94 2709 132 59 de
160 2709 132 59 la
226 2709 242 59 guerre.
402 2709 220 59 Rouen,
556 2709 110 59 7
600 2709 198 59 sept.
732 2709 198 59 1793.
863 2709 242 59 Demi-p.
1039 2709 198 59 in-4.
1171 2709 132 59 Il
1237 2709 110 59 y
1281 2709 110 59 a
1325 2709 132 59 en
1369 2709 132 59 tête

82 2753 270 79 sept
251 2753 338 79 lignes
488 2753 203 79 de
589 2753 203 79 la
691 2753 270 79 main
860 2753 575 79 dejBouchotte.
1333 2753 169 79 4
1367 2753 135 79 50
