1651 2934
616 74 181 98 —
688 74 254 98 417
797 74 109 98 —

48 170 195 75 5048.
178 170 346 75 Piron
459 170 389 75 (Marie-Thérèse
784 170 303 75 Quenaudon,
1022 170 216 75 connue
1173 170 173 75 sous
1282 170 130 75 le
1347 170 151 75 nom
1411 170 87 75 de

93 228 165 60 Mlle
196 228 124 60 de
258 228 165 60 Bar,
361 228 186 60 femme
485 228 165 60 de),
588 228 247 60 lectrice
774 228 124 60 de
835 228 124 60 la
897 228 247 60 marquise
1083 228 124 60 de
1145 228 227 60 Mineur.
1309 228 124 60 L.
1351 228 144 60 aut.,

88 285 133 53 à
142 285 266 53 Piron.
328 285 159 53 Ce
407 285 266 53 mardi.
593 285 133 53 2
647 285 159 53 p.
726 285 186 53 pl.
833 285 239 53 in-4.
992 285 452 53 Intéressante.
1364 285 159 53 12
1417 285 80 53 »

143 321 184 63 Elle
258 321 161 63 lui
350 321 184 63 rend
465 321 230 63 compte
625 321 138 63 de
694 321 138 63 la
763 321 413 63 représentation
1108 321 207 63 d’une
1245 321 253 63 comédie
1406 321 92 63 de

99 357 240 80 Marivaux,
283 357 258 80 intitulée:
486 357 166 80 le
596 357 166 80 Petit
707 357 332 80 Maître...
983 357 147 80 «qui
1075 357 92 80 a
1112 357 129 80 été
1186 357 203 80 traitée
1333 357 111 80 et
1370 357 129 80 reçue

98 418 222 56 «comme
253 418 133 56 un
320 418 200 56 chien
453 418 178 56 dans
564 418 133 56 un
631 418 155 56 jeu
720 418 133 56 de
786 418 311 56 quille...»
1031 418 178 56 Suit
1142 418 289 56 l’analyse
1364 418 133 56 de
1408 418 89 56 la

98 461 185 66 pièce
222 461 123 66 et
284 461 123 66 la
345 461 226 66 manière
510 461 247 66 bruyante
695 461 165 66 dont
798 461 123 66 le
860 461 247 66 parterre
1045 461 350 66 l’accueillit;
1333 461 123 66 le
1375 461 123 66 tout

97 518 173 55 dans
206 518 130 55 un
270 518 238 55 langage
444 518 195 55 plein
573 518 130 55 de
638 518 195 55 verve
768 518 130 55 et
833 518 130 55 de
876 518 260 55 malignité.

49 557 184 72 5049.
171 557 388 72 Proudhon
498 557 245 72 (P.-J.).
681 557 122 72 L.
743 557 163 72 aut.
845 557 184 72 sig.,
967 557 102 72 à
1008 557 143 72 son
1090 557 163 72 cher
1171 557 327 72 compatriote...

97 613 397 59 Sainte-Pélagie,
432 613 125 59 27
494 613 230 59 février
662 613 188 59 1852.
787 613 105 59 2
829 613 125 59 p.
892 613 146 59 pl.
975 613 188 59 in-8.
1080 613 418 59 Très

46 657 945 59 Enveloppe
773 657 581 59 aut.
1137 657 436 59 25
1282 657 218 59 »

55 703 176 68 5050.
173 703 313 68 Puget
427 703 196 68 (Louis
564 703 156 68 de),
662 703 274 68 philosophe
877 703 274 68 cartésien,
1092 703 215 68 célèbre
1229 703 274 68 naturaliste.

100 749 140 65 Né
170 749 117 65 à
216 749 187 65 Lyon
333 749 140 65 en
403 749 210 65 1629.
543 749 187 65 Mort
660 749 140 65 en
730 749 210 65 1709.
870 749 140 65 L.
940 749 187 65 aut.
1057 749 210 65 sig.,
1197 749 117 65 à
1244 749 140 65 M.
1291 749 210 65 Joblot,

96 803 334 60 professeur
358 803 143 60 en
430 803 405 60 mathémaliques
763 803 143 60 et
835 803 381 60 philosophie,
1145 803 119 60 à
1192 803 238 60 Paris.
1335 803 167 60 Lyon,

95 847 172 63 15
181 847 315 63 janvier
410 847 258 63 1699.
582 847 143 63 5
639 847 200 63 gr.
754 847 172 63 p.
840 847 200 63 pl.
954 847 258 63 in-4.
1126 847 315 63 Cachet.
1355 847 172 63 15
1412 847 86 63 »

148 894 301 60 Très-belle
384 894 129 60 et
448 894 451 60 très-intéressante
835 894 215 60 lettre
985 894 365 60 scientifique.
1286 894 215 60 Examen
1415 894 86 60 de

105 937 127 60 la
168 937 233 60 théorie
338 937 127 60 de
401 937 275 60 Descartes
613 937 148 60 sur
697 937 127 60 la
761 937 233 60 matière
930 937 317 60 magnétique,
1163 937 127 60 etc.

56 984 186 63 5051.
181 984 393 63 Quinault
512 984 476 63 (Jeanne-Françoise),
926 984 228 63 célèbre
1092 984 269 63 soubrette
1299 984 124 63 de
1361 984 124 63 la
1402 984 104 63 Co-

106 1047 165 59 médie
216 1047 257 59 Française,
418 1047 110 59 et
473 1047 129 59 que
547 1047 220 59 Voltaire
712 1047 220 59 appelait
877 1047 110 59 la
932 1047 239 59 divine
1116 1047 276 59 Thalie
1337 1047 110 59 L.
1373 1047 129 59 aut.,

102 1089 111 56 à
146 1089 223 56 Piron.
302 1089 134 56 28
369 1089 200 56 avril
502 1089 200 56 1730.
636 1089 111 56 4
680 1089 134 56 p.
747 1089 156 56 pl.
836 1089 200 56 in-4.
970 1089 312 56 Très-jolie
1215 1089 245 56 lettre.
1393 1089 134 56 18
1437 1089 67 56 »

151 1138 230 58 «.....
312 1138 161 58 Mon
404 1138 184 58 Dieu
518 1138 138 58 le
587 1138 207 58 jolis
725 1138 207 58 païs,
863 1138 138 58 on
932 1138 138 58 ne
1001 1138 138 58 mi
1070 1138 161 58 die
1162 1138 161 58 que
1253 1138 161 58 des
1322 1138 184 58 choses

105 1180 306 58 «agréables
346 1180 131 58 et
412 1180 131 58 je
477 1180 131 58 mi
543 1180 241 58 déplais
718 1180 109 58 à
762 1180 241 58 mourir.
937 1180 131 58 Je
1003 1180 175 58 suis
1112 1180 197 58 logée
1243 1180 175 58 dans
1353 1180 131 58 la
1397 1180 109 58 rie

106 1230 146 47 «la
190 1230 167 47 plus
294 1230 292 47 tranquille
523 1230 188 47 qu’il
649 1230 104 47 y
690 1230 146 47 oit
774 1230 167 47 dans
878 1230 376 47 Fontainebleau,
1191 1230 167 47 mais
1295 1230 146 47 les
1358 1230 146 47 jolie

106 1279 234 60 «choses
276 1279 149 60 que
361 1279 234 60 jentens
531 1279 128 60 je
595 1279 149 60 fus
680 1279 298 60 resueillée
914 1279 149 60 par
999 1279 128 60 un
1063 1279 149 60 mot
1148 1279 255 60 allemand
1340 1279 128 60 la
1382 1279 128 60 nuit

105 1330 267 53 «passée,
305 1330 133 53 ce
371 1330 200 53 matin
505 1330 244 53 cettoit
683 1330 133 53 un
749 1330 178 53 crec
860 1330 244 53 (grec),
1038 1330 200 53 quand
1172 1330 133 53 me
1238 1330 244 53 parlera
1394 1330 111 53 ton

106 1384 115 54 «
152 1384 368 54 fransois...»
451 1384 184 54 Elle
566 1384 230 54 charge
727 1384 207 54 Piron
865 1384 138 54 de
934 1384 276 54 composer
1141 1384 161 54 des
1233 1384 253 54 paroles
1394 1384 115 54 sur

111 1423 132 56 une
187 1423 359 56 chaconne
489 1423 132 56 que
564 1423 113 56 le
621 1423 132 56 duc
696 1423 113 56 de
753 1423 302 56 Rochechouart
998 1423 170 56 avait
1112 1423 189 56 faite,
1244 1423 113 56 et
1300 1423 151 56 qui,
1376 1423 132 56 jouée

107 1466 125 60 la
170 1466 208 60 veille
315 1466 104 60 à
357 1466 375 60 Fontainebleau,
670 1466 187 60 avait
795 1466 208 60 charmé
940 1466 187 60 toute
1065 1466 125 60 la
1128 1466 187 60 cour,
1232 1466 125 60 etc.

61 1522 169 63 5052.
174 1522 244 63 Rouget
362 1522 113 63 de
418 1522 263 63 Lisle,
625 1522 188 63 auteur
757 1522 113 63 de
813 1522 169 63 la
926 1522 320 63 Marseillaise.
1189 1522 113 63 Le
1246 1522 188 63 Baiser
1359 1522 150 63 de

108 1569 300 59 Rosette,
348 1569 400 59 Pastourelle
688 1569 180 59 Pièce
808 1569 120 59 de
869 1569 160 59 vers
969 1569 160 59 aut.
1069 1569 100 59 4
1109 1569 140 59 gr.
1189 1569 120 59 p.
1249 1569 220 59 in-fol.
1409 1569 120 59 10
1449 1569 60 59 »

59 1606 192 74 5053.
187 1606 405 74 Rousseau
528 1606 405 74 (Jean-Jacques).
869 1606 128 74 L.
933 1606 171 74 aut.
1040 1606 192 74 sig.,
1168 1606 107 74 à
1210 1606 171 74 M...
1296 1606 213 74 Wootton,

90 1670 197 63 7
168 1670 434 63 février
484 1670 355 63 1767.
720 1670 197 63 2
799 1670 237 63 p.
918 1670 276 63 pl.
1075 1670 355 63 in-4.
1312 1670 237 63 40
1391 1670 118 63 »

64 1702 192 96 5054.
191 1702 447 96 Santa-Cruz
575 1702 149 96 (le
660 1702 234 96 marquis
830 1702 170 96 de).
936 1702 255 96 Relation
1128 1702 128 96 du
1192 1702 234 96 pillage
1362 1702 128 96 de
1405 1702 106 96 Gi

109 1769 227 62 braltar
274 1769 144 62 par
357 1769 144 62 les
440 1769 227 62 Maures.
605 1769 103 62 1
646 1769 144 62 gr.
729 1769 124 62 p.
791 1769 144 62 pl.
873 1769 124 62 et
935 1769 186 62 demie
1059 1769 248 62 in-fol.,
1245 1769 248 62 terminée
1410 1769 103 62 par

107 1818 212 59 deux
239 1818 265 59 lignes
425 1818 212 59 aut.
557 1818 212 59 sig.
690 1818 292 59 (1540).
902 1818 239 59 Pièce
1061 1818 398 59 importante.
1379 1818 159 59 15
1432 1818 80 59 »

62 1854 188 97 5055.
188 1854 398 97 Saussure
522 1854 439 97 (Nicolas-Théodore
899 1854 167 97 de),
1004 1854 230 97 célèbre
1171 1854 335 97 naturaliste.
1422 1854 84 97 L.

108 1931 180 69 aut.
221 1931 203 69 sig.,
356 1931 113 69 à
401 1931 158 69 MM.
491 1931 180 69 Léon
604 1931 248 69 Leconte
784 1931 135 69 et
851 1931 158 69 Ce.
941 1931 248 69 Genève,
1121 1931 135 69 26
1189 1931 248 69 janvier
1346 1931 158 69 1811.

87 1979 216 47 1
173 1979 259 47 p.
303 1979 302 47 pl.
475 1979 388 47 in-4.
734 1979 733 47 Intéressante.
1338 1979 216 47 5
1381 1979 129 47 »

64 2003 221 86 5056.
212 2003 295 86 Siège
433 2003 147 86 de
506 2003 147 86 La
580 2003 295 86 Rochelle
801 2003 147 86 en
875 2003 295 86 1628
1096 2003 147 86 L.
1169 2003 196 86 aut.
1292 2003 221 86 sig.,
1415 2003 98 86 de

113 2066 123 63 M.
175 2066 123 63 De
237 2066 123 63 La
298 2066 185 63 Cour,
422 2066 103 63 à
463 2066 349 63 Messieurs...,
751 2066 185 63 datée
874 2066 123 63 de
936 2066 226 63 Salles,
1100 2066 123 63 le
1162 2066 123 63 30
1223 2066 226 63 octobre
1367 2066 144 63 1628.

99 2112 177 67 1
169 2112 248 67 gr.
311 2112 212 67 p.
417 2112 248 67 pl.
558 2112 389 67 in-fol.
841 2112 601 67 Intéressante.
1336 2112 212 67 25
1407 2112 106 67 »

162 2180 131 47 Le
228 2180 174 47 roi,
336 2180 152 47 par
423 2180 131 47 la
489 2180 196 47 grâce
619 2180 131 47 de
684 2180 196 47 Dieu,
815 2180 152 47 est
902 2180 305 47 maintenant
1141 2180 218 47 maître
1293 2180 131 47 de
1359 2180 131 47 La
1402 2180 109 47 Ro-

115 2209 215 66 chelle,
272 2209 137 66 les
350 2209 235 66 articles
527 2209 118 66 en
585 2209 137 66 ont
664 2209 137 66 été
742 2209 196 66 signés
879 2209 118 66 la
938 2209 196 66 veille
1075 2209 255 66 ausoir...
1251 2209 255 66 Conditions.

114 2254 230 78 «...Dix
281 2254 146 78 des
365 2254 251 78 habitans
553 2254 230 78 vinrent
720 2254 167 78 nyer
825 2254 230 78 trouuer
992 2254 125 78 le
1055 2254 146 78 roy
1139 2254 105 78 à
1180 2254 188 78 laleu
1306 2254 125 78 en
1348 2254 167 78 estant

115 2308 213 90 «tous
257 2308 118 90 a
305 2308 261 90 genoux.
494 2308 142 90 Je
565 2308 166 90 les
660 2308 166 90 vis
755 2308 142 90 et
826 2308 261 90 entendy
1016 2308 284 90 demander
1229 2308 237 90 pardon
1395 2308 118 90 à
1418 2308 95 90 Sa

113 2360 367 78 «Majesté...
382 2360 73 78 »

65 2379 204 90 5057.
201 2379 385 90 Surian
518 2379 452 90 (Jean-Baptiste),
902 2379 226 90 évêque
1061 2379 136 90 de
1128 2379 226 90 Vence,
1287 2379 226 90 membre
1423 2379 90 90 de

114 2455 301 74 l’Académie
350 2455 301 74 française.
587 2455 129 74 L.
651 2455 172 74 aut.
759 2455 194 74 sig.,
888 2455 108 74 à
931 2455 215 74 Mgr...
1081 2455 215 74 Vence,
1232 2455 129 74 19
1296 2455 172 74 déc.
1404 2455 108 74 3
1425 2455 86 74 p.

58 2498 537 82 pl.
365 2498 691 82 in-4.
826 2498 384 82 .
980 2498 384 82 .
1133 2498 384 82 7
1210 2498 307 82 50

166 2562 207 51 Lettre
311 2562 352 51 intéressante,
601 2562 248 51 relative
787 2562 104 51 à
829 2562 145 51 des
912 2562 269 51 questions
1098 2562 269 51 rengieuses.

71 2595 188 92 5058.
197 2595 335 92 Tallemant
469 2595 147 92 des
553 2595 293 92 Réaulx
783 2595 168 92 père
888 2595 126 92 de
951 2595 251 92 l’auteur
1139 2595 147 92 des
1202 2595 314 92 Histo

120 2639 363 97 riettes
426 2639 115 97 L.
483 2639 153 97 aut.
579 2639 172 97 sig.,
693 2639 96 97 à
731 2639 287 97 monseigneur
961 2639 115 97 le
1018 2639 229 97 cardinal
1190 2639 115 97 de
1247 2639 268 97 Richelieu.
1439 2639 76 97 De

113 2694 476 77 Bar-sur-Seine,
509 2694 132 77 3
562 2694 291 77 février
774 2694 238 77 1631.
932 2694 132 77 1
985 2694 185 77 gr.
1091 2694 159 77 p.
1170 2694 291 77 in-fol.
1382 2694 159 77 15
1435 2694 79 77 »

72 2755 191 67 5059.
199 2755 382 67 Tallien
517 2755 276 67 (Thérésia
730 2755 276 67 Cabarrus,
942 2755 255 67 madame),
1133 2755 170 67 puis
1239 2755 276 67 princesse
1430 2755 85 67 de
