1618 3002
613 52 194 87 ÆN
677 52 226 87 VENTE

277 120 156 77 A
339 120 187 77 LA
433 120 405 77 LIBRAIRIE
744 120 187 77 DE
837 120 187 77 J.
900 120 311 77 TECHENER

514 195 149 78 RUE
599 195 127 78 DE
662 195 340 78 L’ARBRE-SEC;
917 195 85 78 52

344 318 743 108 CORRESPONDANCE

651 401 186 70 ENTRE

11 491 781 125 >DOIMRAU
531 491 911 125 DHETRAUA</b>

655 590 146 57 ET

447 602 533 153 BROSSETTE

178 737 331 79 PUBLIÉE
419 737 211 79 SUR
539 737 211 79 LES
660 737 422 79 MANUSCRIPS
961 737 331 79 GRIGINAUX

454 810 195 71 PAR
566 810 307 71 AUGUSTE
761 810 279 71 LAVERDET

301 872 445 89 INTRODUCTION
663 872 195 89 PAR
774 872 167 89 M.
857 872 250 89 JULES
996 872 195 89 JANIN

347 951 232 72 <i>Première
532 951 170 72 édition
656 951 201 72 complète,
810 951 185 72 enpartie
934 951 216 72 inédite</i>.

79 1001 104 70 Un
131 1001 138 70 vol.
217 1001 138 70 in-8
303 1001 104 70 de
355 1001 224 70 XXXII-608
527 1001 173 70 pages,
648 1001 138 70 avec
734 1001 121 70 six
803 1001 259 70 fac-simile,
1010 1001 104 70 et
1062 1001 104 70 la
1114 1001 242 70 généalogie
1304 1001 104 70 de
1338 1001 69 70 la

472 1064 198 69 famille
616 1064 108 69 de
670 1064 198 69 Boileau
796 1064 216 69 Despréaux.

289 1196 339 83 <SOMMAIRE
550 1196 157 83 DU
628 1196 287 83 CONTENU
837 1196 157 83 DE
915 1196 157 83 CE
967 1196 235 83 VOLUME:

255 1266 315 62 (COMPLÉMENT
507 1266 147 62 DES
591 1266 231 62 OEUVRES
760 1266 126 62 DE
823 1266 231 62 BOILEAU
970 1266 273 62 DESPRÉAUX.)

17 1317 244 56 PREMIÈRE
200 1317 203 56 PARTIE
342 1317 244 56 (premier
525 1317 203 56 volume
667 1317 122 56 du
728 1317 305 56 manuscrit).
951 1317 61 56 —

1035 1315 370 77 Correspondance
1323 1315 144 77 entre

63 1370 212 47 Boileau
217 1370 251 47 Despréaux
410 1370 116 47 et
468 1370 251 47 Brossette
661 1370 270 47 (contenant
873 1370 367 47 soixante-quinze
1182 1370 212 47 lettres
1317 1370 135 47 auto-

59 1410 217 53 graphes
217 1410 217 53 signées
375 1410 119 53 de
435 1410 217 53 Boileau
573 1410 237 53 Despréaux.

698 1424 186 41 —

862 1416 170 47 Arrêt
976 1416 113 47 de
1032 1416 227 47 noblesse
1202 1416 113 47 de
1259 1416 113 47 la
1297 1416 170 47 famille

64 1454 133 56 de
130 1454 243 56 Boileau
307 1454 310 56 Despréaux.
529 1454 66 56 —

573 1462 232 46 Sentence
747 1462 135 46 des
824 1462 232 46 requêtes
998 1462 116 46 du
1056 1462 193 46 Palais
1191 1462 135 46 sur
1269 1462 116 46 le
1307 1462 155 46 procès

65 1491 110 57 du
120 1491 202 57 Lutrin.
267 1491 92 57 —
304 1491 202 57 Lettres
451 1491 110 57 et
506 1491 184 57 pièces
635 1491 110 57 de
690 1491 202 57 divers.
837 1491 92 57 —
874 1491 239 57 Testament
1058 1491 110 57 de
1113 1491 202 57 Boileau
1242 1491 221 57 Despréaux.

21 1534 222 62 DEUXIÈME
187 1534 203 62 PARTIE,
335 1534 111 62 ou
390 1534 388 62 <i>Supplément</i>
723 1534 240 62 (deuxième
908 1534 185 62 volume
1037 1534 111 62 du
1092 1534 277 62 manuscrit),
1296 1534 166 62 compre-

57 1590 150 51 nant
151 1590 131 51 les
226 1590 206 51 papiers
376 1590 113 51 de
433 1590 206 51 Boileau
583 1590 244 51 Despréaux
770 1590 206 51 laissés
921 1590 94 51 à
958 1590 113 51 sa
1015 1590 169 51 mort,
1127 1590 113 51 et
1183 1590 188 51 donnés
1315 1590 94 51 à
1334 1590 131 51 Bros-

60 1622 183 61 sette
182 1622 142 61 par
263 1622 203 61 l’abbé
405 1622 244 61 Boileau,
588 1622 142 61 son
669 1622 203 61 frère.
812 1622 102 61 —
852 1622 142 61 Les
934 1622 183 61 Héros
1056 1622 122 61 du
1117 1622 203 61 Roman,
1238 1622 224 61 dialogue.

0 1677 129 31 —

117 1674 169 41 Deux
222 1674 274 41 épitaphes
433 1674 127 41 de
497 1674 232 41 Racine.
665 1674 105 41 —
708 1674 232 41 Réponse
876 1674 105 41 à
919 1674 127 41 un
982 1674 232 41 mémoire
1151 1674 127 41 de
1214 1674 211 41 Claude
1340 1674 127 41 Per-

61 1706 186 54 rault.
192 1706 93 54 —
229 1706 224 54 Lettres:
397 1706 112 54 au
453 1706 168 54 comte
565 1706 112 54 de
620 1706 224 54 Vivonne;
788 1706 93 54 à
825 1706 242 54 Maucroix;
1012 1706 93 54 à
1049 1706 186 54 Racine
1179 1706 149 54 (dix
1254 1706 205 54 lettres);

60 1754 102 46 à
100 1754 203 46 Madame
243 1754 244 46 Manchon,
426 1754 122 46 sa
487 1754 183 46 sœur;
609 1754 102 46 à
649 1754 203 46 Madame
792 1754 122 46 la
853 1754 244 46 marquise
1036 1754 122 46 de
1097 1754 264 46 Villette;
1300 1754 102 46 à
1341 1754 122 46 M.
1382 1754 81 46 de

61 1790 115 59 La
118 1790 249 59 Chapelle,
310 1790 134 59 son
387 1790 173 59 neveu
502 1790 153 59 (dix
598 1790 249 59 lettres);
790 1790 96 59 à
828 1790 115 59 M.
886 1790 115 59 le
943 1790 173 59 comte
1058 1790 115 59 de
1116 1790 249 59 Maurepas;
1308 1790 96 59 à
1346 1790 115 59 M.
1384 1790 77 59 de

57 1835 383 55 Pontchartrain;
376 1835 106 55 à
419 1835 128 55 M.
483 1835 213 55 l’abbé
632 1835 234 55 Bignon;
802 1835 106 55 à
845 1835 128 55 M.
908 1835 128 55 le
972 1835 192 55 comte
1100 1835 128 55 de
1164 1835 213 55 Revel,
1313 1835 149 55 sur
1377 1835 85 55 le

53 1875 210 57 combat
200 1875 126 57 de
263 1875 252 57 Crémone;
453 1875 105 57 à
495 1875 126 57 M.
558 1875 126 57 Le
621 1875 252 57 Verrier;
810 1875 105 57 à
852 1875 315 57 Destouches;
1104 1875 126 57 au
1168 1875 168 57 père
1252 1875 210 57 Thoulier

59 1920 185 45 (trois
188 1920 222 45 lettres,
354 1920 166 45 etc.,
465 1920 203 45 etc...;
613 1920 222 45 Maucroix
779 1920 92 45 à
816 1920 240 45 Despréaux
1001 1920 166 45 (cinq
1112 1920 240 45 lettres);
1297 1920 185 45 Racine
1408 1920 55 45 à

63 1957 289 59 Despréaux;
290 1957 124 59 le
352 1957 165 59 père
455 1957 248 59 Bouhours
641 1957 103 59 à
682 1957 289 59 Despréaux,
909 1957 144 59 etc
992 1957 165 59 etc.
1095 1957 103 59 —
1136 1957 206 59 Pièces
1280 1957 124 59 de
1322 1957 144 59 vers:

53 2000 308 52 Epigrammes;
300 2000 226 52 Chanson
464 2000 103 52 à
505 2000 205 52 boire;
648 2000 226 52 Enigme;
813 2000 226 52 Parodie
977 2000 287 52 burlesque;
1202 2000 246 52 Réponses
1366 2000 103 52 aux

51 2052 238 52 jésuites
230 2052 119 52 de
289 2052 238 52 Trévoux;
468 2052 278 52 Quatrains;
687 2052 179 52 etc.,
806 2052 159 52 etc.
905 2052 238 52 Fragment
1084 2052 159 52 d’un
1183 2052 238 52 prologue
1342 2052 119 52 d’o-

56 2098 228 49 péra...;
227 2098 209 49 Préface
379 2098 152 49 pour
474 2098 114 49 la
531 2098 190 49 Satire
664 2098 152 49 XII;
759 2098 171 49 Notes
874 2098 152 49 pour
969 2098 342 49 l’intelligence
1254 2098 133 49 des
1311 2098 152 49 œuvres

65 2131 221 62 diverses
231 2131 111 62 de
286 2131 258 62 Despréaux,
489 2131 129 62 sur
563 2131 111 62 la
618 2131 203 62 préface
766 2131 111 62 de
821 2131 240 62 l’édition
1005 2131 148 62 in-4
1098 2131 111 62 de
1153 2131 111 62 de
1190 2131 129 62 1701.

-7 2175 242 57 TROISIÈME

230 2168 206 60 PARTIE,
380 2168 112 60 ou
436 2168 393 60 <i>Appendice</i>.
772 2168 93 60 —
810 2168 224 60 Mémoires
978 2168 112 60 de
1034 2168 262 60 Brossette,
1240 2168 131 60 sur
1296 2168 168 60 Boileau

55 2222 278 59 Despréaux,
273 2222 218 59 d’après
432 2222 139 59 les
511 2222 258 59 fragments
710 2222 258 59 originaux
908 2222 258 59 conservés
1106 2222 99 59 à
1146 2222 119 59 la
1185 2222 278 59 Bibliothèque

330 2261 202 51 Lettres
477 2261 110 51 de
532 2261 110 51 M.
587 2261 110 51 A.
642 2261 239 51 Péricaud,
826 2261 110 51 et
881 2261 294 51 dissertation
1119 2261 110 51 au
1175 2261 165 51 sujet
1285 2261 110 51 de
1321 2261 129 51 Bros

34 2264 239 60 Impériale.

62 2308 169 50 sette.
163 2308 51 50 —

231 2306 167 64 Table
343 2306 260 64 analytique
547 2306 130 64 des
622 2306 167 64 noms,
733 2306 130 64 des
808 2306 186 64 lieux,
938 2306 167 64 etc.,
1049 2306 167 64 cités
1161 2306 149 64 dans
1254 2306 112 64 la
1291 2306 167 64 corres

27 2347 236 66 pondance

237 2348 172 66 entre
352 2348 210 66 Boileau
505 2348 249 66 Despréaux
696 2348 115 66 et
734 2348 230 66 Brossette.

1237 2391 122 58 10
1277 2391 102 58 fr.

159 2397 300 60 Prix,
359 2397 333 60 papier
592 2397 300 60 carré
758 2397 433 60 vélin......

1242 2440 113 55 15
1280 2440 94 55 fr.

273 2451 287 47 papier
474 2451 258 47 grand
646 2451 287 47 raisin
818 2451 373 47 vélin......

90 2492 192 36 —

1239 2482 119 56 15
1279 2482 99 56 fr.

285 2484 311 54 papier
503 2484 280 54 grand
689 2484 311 54 raisin
876 2484 311 54 vergé...

181 2517 112 68 Il
237 2517 93 68 a
275 2517 130 68 été
349 2517 149 68 tiré
442 2517 261 68 vingt-cinq
647 2517 280 68 exemplaires
871 2517 130 68 sur
946 2517 186 68 papier
1058 2517 130 68 grand

62 2549 174 79 raisin
183 2549 157 79 fort,
288 2549 174 79 vergé,
409 2549 243 79 numérotés,
601 2549 139 79 avec
688 2549 157 79 titre
792 2549 191 79 imprimé
931 2549 139 79 noir
1018 2549 104 79 et
1053 2549 139 79 rouge,

1236 2579 118 81 30
1276 2579 98 81 fr.

48 2617 196 61 et
146 2617 326 61 collés
375 2617 294 61 après
538 2617 652 61 l’impression......

54 2658 238 68 L’épitaphe
241 2658 102 68 de
292 2658 170 68 Racine
411 2658 119 68 par
479 2658 187 68 Boileau
615 2658 238 68 Despréaux,
801 2658 221 68 conservée
971 2658 136 68 dans
1056 2658 204 68 l’église
1192 2658 272 68 Saint-

13 2711 217 48 du-Mont,
176 2711 108 48 et
230 2711 253 48 reproduite
428 2711 145 48 dans
519 2711 108 48 ce
573 2711 199 48 volume,
717 2711 90 48 a
754 2711 126 48 été
826 2711 163 48 tirée
934 2711 90 48 à
970 2711 145 48 part
1061 2711 145 48 pour
1151 2711 126 48 les
1223 2711 163 48 trois
1313 2711 163 48 papiers

24 2750 157 70 grand
128 2750 192 70 raisin,
250 2750 209 70 seulement.
