1637 2938
625 38 184 102 —
699 38 258 102 434
809 38 111 102 —

98 136 152 90 son
185 136 130 90 du
250 136 174 90 Roi.
359 136 130 90 L.
424 136 174 90 aut.
533 136 195 90 sig.,
663 136 130 90 au
728 136 152 90 duc
815 136 282 90 d’Aumont.
1032 136 217 90 Paris,
1184 136 130 90 21
1249 136 195 90 avril
1358 136 152 90 1828.

64 180 290 73 1
180 180 348 73 p.
354 180 521 73 in-4.
701 180 753 73 Théâtrale
1280 180 290 73 3
1338 180 174 73 »

51 222 194 98 5196.
181 222 366 98 Lauzun
482 222 409 98 (Antoine-Nompar
826 222 129 98 de
890 222 258 98 Caumont,
1084 222 151 98 duc
1170 222 172 98 de),
1277 222 172 98 mari
1385 222 129 98 de
1428 222 86 98 la

101 290 255 76 grande
297 290 412 76 Mademoiselle
650 290 176 76 fille
768 290 118 76 de
827 290 196 76 Gaston
964 290 274 76 d’Orléans.
1180 290 196 76 Quitt.
1317 290 157 76 sig.
1395 290 118 76 (sur

83 332 535 87 parchemin).
511 332 357 87 Paris,
761 332 214 87 28
868 332 392 87 janvier
1153 332 321 87 1707.
1367 332 178 87 5
1403 332 107 87 »

52 362 187 98 5197.
177 362 187 98 Le
302 362 250 98 Brun
489 362 125 98 3e
552 362 229 98 consul,
718 362 146 98 duc
801 362 125 98 de
864 362 291 98 Plaisance.
1093 362 125 98 L.
1155 362 166 98 aut.
1259 362 166 98 sig.
1343 362 166 98 Paris,

75 425 323 66 1er
260 425 370 66 juin
491 425 416 66 1815.
768 425 231 66 1
860 425 277 66 p.
999 425 462 66 in-4.5
1322 425 231 66 2
1368 425 139 66 »

53 453 180 97 5198.
173 453 400 97 Leclere,
513 453 220 97 colonel
673 453 340 97 d’infanterie,
952 453 280 97 commandant
1172 453 140 97 les
1252 453 220 97 troupes
1412 453 100 97 à
1432 453 80 97 la

97 516 221 86 Guyane
251 516 287 86 française
472 516 132 86 et
538 516 132 86 la
604 516 199 86 place
737 516 132 86 de
803 516 265 86 Cayenne;
1002 516 199 86 frère
1134 516 132 86 du
1200 516 265 86 général,
1377 516 132 86 mari

100 571 137 76 de
169 571 250 76 Pauline
351 571 319 76 Bonaparte.
601 571 137 76 L.
669 571 182 76 aut.
783 571 205 76 sig.,
920 571 137 76 au
988 571 273 76 maréchal
1193 571 296 76 Berthier.
1398 571 114 76 Ca-

101 614 214 81 yenne,
250 614 128 81 13
314 614 278 81 fructidor
528 614 128 81 an
592 614 171 81 XII.
699 614 107 81 5
741 614 149 81 gr.
827 614 128 81 p.
891 614 149 81 pl.
976 614 128 81 et
1040 614 192 81 quart
1168 614 149 81 gr.
1254 614 235 81 in-fol.
1403 614 107 81 In-

35 666 1298 65 téressante.
1073 666 519 65 10
1246 666 260 65 »

142 707 244 80 Jérôme
313 707 317 80 Bonaparte
557 707 147 80 et
630 707 171 80 son
728 707 244 80 épouse
899 707 171 80 qui
996 707 269 80 veulent
1192 707 147 80 se
1265 707 244 80 rendre
1411 707 98 80 en

99 747 201 82 France
240 747 141 82 sur
320 747 121 82 la
381 747 222 82 frégate
542 747 181 82 la
663 747 302 82 Cybèle
905 747 161 82 sont
1005 747 242 82 bloqués,
1187 747 161 82 dans
1287 747 121 82 le
1348 747 161 82 port
1428 747 81 82 de

99 803 291 59 New-York,
323 803 157 59 par
412 803 157 59 une
502 803 269 59 division
704 803 336 59 anglaise...
973 803 135 59 La
1040 803 269 59 nouvelle
1242 803 135 59 de
1287 803 224 59 l’éléva-

100 858 176 68 tion
210 858 132 68 de
276 858 264 68 Napoléon
474 858 286 68 Bonaparte
694 858 110 68 à
738 858 132 68 la
804 858 242 68 dignité
979 858 308 68 d’Empereur
1221 858 154 68 des
1287 858 220 68 Français

100 908 157 69 est
189 908 269 69 parvenue
391 908 179 69 dans
503 908 134 69 la
570 908 269 69 Colonie,
771 908 134 69 il
838 908 112 69 y
883 908 112 69 a
928 908 134 69 46
995 908 224 69 jours,
1152 908 157 69 par
1241 908 134 69 un
1286 908 224 69 bâtiment

99 958 222 65 venant
254 958 133 65 de
321 958 333 65 Bordeaux...
587 958 288 65 Nouvelles
808 958 133 65 de
875 958 133 65 la
941 958 333 65 colonie....
1185 958 133 65 etc.

55 977 177 87 5199.
173 977 392 87 Lemonnier
507 977 196 87 (Mme),
644 977 137 87 née
722 977 294 87 Lise-Léonie
958 977 392 87 Regnaull
1291 977 216 87 actrice
1429 977 78 87 de

99 1036 391 90 l’Opéra-Comique.
432 1036 117 90 L.
490 1036 156 90 aut.
588 1036 156 90 sig.
686 1036 98 90 .
725 1036 215 90 Lise
881 1036 332 90 Regnaul,
1155 1036 98 90 à
1194 1036 137 90 MM.
1272 1036 137 90 les
1331 1036 176 90 membres

97 1088 143 88 du
169 1088 238 88 comité
335 1088 143 88 du
406 1088 261 88 théâtre
596 1088 285 88 impérial
810 1088 143 88 de
881 1088 475 88 l’Opéra-Comique.
1285 1088 143 88 Ce
1333 1088 166 88 15...

68 1129 266 92 3
174 1129 319 92 p.
334 1129 372 92 pl.
547 1129 479 92 in-4.
866 1129 585 92 Cachet.
1291 1129 266 92 5
1344 1129 160 92 »

146 1173 131 89 Au
212 1173 197 89 sujet
343 1173 131 89 de
409 1173 131 89 sa
474 1173 197 89 sœur,
605 1173 241 89 artiste
780 1173 131 89 du
846 1173 175 89 même
933 1173 219 89 théâtre.

50 1214 187 84 5200.
175 1214 354 84 Leslie
467 1214 250 84 (Walter,
654 1214 187 84 comte
779 1214 167 84 de),
883 1214 187 84 major
1008 1214 125 84 de
1071 1214 271 84 cavalerie
1279 1214 125 84 de
1321 1214 187 84 Wallen

98 1287 227 62 stein,
257 1287 408 62 feld-maréchal,
597 1287 340 62 ambassadeur
869 1287 113 62 à
915 1287 181 62 Rome
1028 1287 136 62 et
1096 1287 113 62 à
1119 1287 385 62 Constantinoplé;

100 1330 132 86 né
166 1330 132 86 en
232 1330 220 86 Ecosse
386 1330 132 86 en
452 1330 198 86 1604,
584 1330 176 86 mort
694 1330 132 86 en
760 1330 198 86 1667.
891 1330 132 86 L.
957 1330 176 86 sig.
1067 1330 154 86 (en
1155 1330 242 86 latin),
1331 1330 110 86 à
1353 1330 154 86 l’Em-

87 1380 380 52 pereur.
364 1380 242 52 1er
502 1380 242 52 mai
641 1380 311 52 1650.
848 1380 173 52 2
917 1380 207 52 p.
1021 1380 449 52 in-fol.).
1367 1380 173 52 5
1401 1380 104 52 »

54 1401 186 89 5201.
179 1401 352 89 Lippay
468 1401 290 89 (Georges),
696 1401 186 89 comte
821 1401 124 89 de
883 1401 228 89 Zombor,
1048 1401 269 89 chevalier
1255 1401 124 89 de
1297 1401 207 89 Hongrie,

98 1478 328 54 archevêque
355 1478 141 54 de
426 1478 211 54 Gran:
566 1478 305 54 travailla
801 1478 141 54 au
871 1478 234 54 traité
1035 1478 141 54 de
1106 1478 188 54 paix
1223 1478 188 54 avec
1316 1478 188 54 Rakozi

99 1525 238 59 (guerre
272 1525 130 59 de
337 1525 130 59 30
402 1525 194 59 ans).
532 1525 130 59 Au
596 1525 238 59 célèbre
769 1525 216 59 synode
921 1525 130 59 de
985 1525 238 59 Tirnau,
1158 1525 130 59 il
1223 1525 259 59 s’opposa
1396 1525 108 59 aux

100 1567 330 57 protestants.
369 1567 124 57 L.
430 1567 165 57 aut.
534 1567 165 57 sig.
637 1567 144 57 (en
719 1567 227 57 latin),
884 1567 103 57 à
925 1567 309 57 l’Empereur.
1173 1567 103 57 6
1214 1567 227 57 juillet
1359 1567 144 57 1646.

66 1614 277 60 1
176 1614 332 60 p.
342 1614 609 60 in-fol.
785 1614 609 60 Cachet.
1228 1614 277 60 7
1284 1614 221 60 50

53 1657 192 61 5202.
181 1657 256 61 Louis
373 1657 235 61 XV
544 1657 150 61 roi
629 1657 128 61 de
693 1657 235 61 France.
864 1657 320 61 Approbation
1121 1657 128 61 de
1185 1657 128 61 20
1249 1657 214 61 lignes
1377 1657 128 61 aut.

100 1712 207 48 sig.,
238 1712 138 48 en
307 1712 207 48 marge
445 1712 184 48 d’un
560 1712 253 48 mémoire
744 1712 184 48 aut.
860 1712 207 48 sig.,
998 1712 115 48 à
1044 1712 161 48 lui
1136 1712 276 48 adressé,
1343 1712 161 48 par
1412 1712 92 48 le

98 1758 160 63 duc
190 1758 138 63 de
258 1758 298 63 Grammont,
488 1758 183 63 daté
602 1758 138 63 de
671 1758 229 63 Vorms,
831 1758 138 63 le
900 1758 138 63 18
969 1758 160 63 mai
1061 1758 206 63 1743.
1198 1758 115 63 1
1244 1758 138 63 p.
1290 1758 206 63 in

99 1801 346 50 L’autographe
381 1801 130 50 du
445 1801 151 50 Roi
532 1801 151 50 est
618 1801 173 50 daté
727 1801 130 50 de
791 1801 324 50 Versailles,
1051 1801 130 50 le
1116 1801 130 50 34
1181 1801 151 50 mai
1267 1801 195 50 1743.
1375 1801 130 50 Por-

63 1850 539 68 trait
423 1850 599 68 gravé,
842 1850 539 68 in-4.
1201 1850 359 68 26
1321 1850 180 68 »

52 1897 184 53 5203.
174 1897 409 53 Louis-Philipe
522 1897 246 53 Ier,
707 1897 143 53 roi
789 1897 143 53 des
870 1897 266 53 Français.
1075 1897 184 53 Lett.
1198 1897 184 53 aut.,
1321 1897 123 53 au
1362 1897 143 53 géné

98 1944 158 62 ral
189 1944 338 62 Sébastiani.
459 1944 271 62 Neuilly,
662 1944 226 62 samedi
820 1944 135 62 16
888 1944 203 62 sept.
1023 1944 203 62 1832.
1159 1944 113 62 4
1204 1944 135 62 p.
1271 1944 158 62 pl.
1339 1944 158 62 in

43 1993 1306 54 Intéressante.
1119 1993 461 54 25
1273 1993 231 54 »

52 2039 201 58 5204.
186 2039 313 58 Machine
431 2039 134 58 de
498 2039 313 58 Marly
744 2039 290 58 Manuscrit
967 2039 134 58 de
1034 2039 134 58 16
1101 2039 134 58 p.
1168 2039 246 58 in-fol.
1347 2039 156 58 sur
1414 2039 89 58 la

100 2088 245 58 machine
278 2088 134 58 de
345 2088 200 58 Marly
478 2088 245 58 (projet
657 2088 134 58 du
723 2088 223 58 budjet
879 2088 178 58 pour
991 2088 134 58 le
1058 2088 245 58 service
1236 2088 156 58 des
1325 2088 178 58 eaux
1414 2088 89 58 de

100 2130 318 61 Versailles,
354 2130 127 61 la
417 2130 233 61 machine
587 2130 127 61 de
650 2130 191 61 Marly
777 2130 275 61 comprise,
989 2130 254 61 exercice
1179 2130 127 61 de
1243 2130 212 61 1848).
1370 2130 127 61 sig.

102 2180 149 67 par
187 2180 127 67 le
250 2180 149 67 roi
335 2180 382 67 Louis-Philippe
654 2180 170 67 Ier,
760 2180 149 67 roi
845 2180 149 67 des
930 2180 276 67 Français,
1142 2180 127 67 au
1206 2180 149 67 bas
1291 2180 127 67 de
1333 2180 170 67 chaque

106 2224 140 68 page
193 2224 105 68 de
245 2224 122 68 son
315 2224 210 68 initiale
472 2224 227 68 D
647 2224 105 68 et
699 2224 87 68 à
734 2224 105 68 la
787 2224 140 68 fin:
874 2224 349 68 approuvé
1171 2224 105 68 L.
1224 2224 105 68 P.
1276 2224 122 68 D.,
1346 2224 105 68 et
1381 2224 122 68 signé

97 2278 175 58 par
197 2278 150 58 le
272 2278 225 58 comte
423 2278 150 58 de
498 2278 376 58 Montalivet.
798 2278 251 58 Paris,
974 2278 125 58 6
1024 2278 276 58 février
1224 2278 225 58 1848.
1375 2278 150 58 12
1425 2278 75 58 »

46 2317 205 68 5205.
183 2317 387 68 Margnerite
501 2317 136 68 de
569 2317 341 68 Valois
842 2317 250 68 Réponse
1024 2317 159 68 aux
1115 2317 296 68 questions
1320 2317 182 68 propp

102 2369 170 58 sées
208 2369 148 58 sur
293 2369 148 58 les
377 2369 276 58 dernières
589 2369 212 58 années
738 2369 127 58 de
801 2369 127 58 la
865 2369 148 58 vie
950 2369 127 58 de
1013 2369 127 58 la
1077 2369 191 58 reyne
1204 2369 297 58 Marguerite
1416 2369 85 58 de

98 2422 249 65 Valois.
279 2422 294 65 Manuscrit
506 2422 136 65 de
573 2422 113 65 7
619 2422 204 65 pages
754 2422 136 65 et
822 2422 226 65 quart,
981 2422 181 65 pour
1094 2422 136 65 le
1162 2422 136 65 R.
1230 2422 136 65 P.
1275 2422 226 65 Prévost,

87 2484 394 57 chanoine
382 2484 394 57 régulier
678 2484 197 57 de
776 2484 689 57 Sainte-Geneviève.
1367 2484 164 57 4
1400 2484 98 57 »

51 2496 187 97 5206.
176 2496 497 97 Marie-Amélie,
611 2496 187 97 reine
735 2496 145 97 des
818 2496 269 97 Français.
1025 2496 145 97 Six
1108 2496 207 97 petits
1253 2496 228 97 billets
1398 2496 104 97 au-

83 2555 536 79 tographes,
504 2555 498 79 ensemble,
887 2555 230 79 21
1001 2555 459 79 lignes..
1346 2555 191 79 6
1384 2555 115 79 »

49 2597 204 78 5207.
186 2597 591 78 Mercy-Argenteau
708 2597 341 78 (Florimond,
981 2597 204 78 comte
1117 2597 182 78 de),
1208 2597 295 78 ambassadéur

97 2657 351 76 d’Allemagne
377 2657 187 76 près
494 2657 210 76 Louis
634 2657 187 76 XVI.
751 2657 140 76 L.
821 2657 187 76 aut.
938 2657 210 76 sig.,
1078 2657 117 76 à
1125 2657 210 76 M....
1265 2657 234 76 Paris,
1406 2657 93 76 23

61 2699 427 85 juin
327 2699 480 85 1771.
647 2699 267 85 2
754 2699 320 85 p.
914 2699 480 85 in-4.
1234 2699 267 85 2
1288 2699 213 85 50
