1731 2880
730 91 251 89 433
838 91 107 89 —

116 177 168 85 lien
221 177 147 85 II.
305 177 126 85 Il
368 177 147 85 fut
452 177 294 85 alchimiste
683 177 126 85 et
746 177 294 85 astronome.
978 177 126 85 L.
1041 177 168 85 sig.
1146 177 126 85 et
1209 177 294 85 contresig.
1419 177 105 85 (en

108 248 431 55 allemand).
447 248 277 55 1582.
631 248 154 55 3
693 248 215 55 gr.
816 248 185 55 p.
908 248 339 55 in-fol.
1155 248 308 55 Sceau.
1370 248 154 55 7
1401 248 123 55 50

66 272 180 81 3223.
186 272 259 81 Rouget
385 272 120 81 de
445 272 279 81 Lisle,
665 272 200 81 auteur
805 272 120 81 de
864 272 120 81 la
924 272 339 81 MARSEILLAISE.
1184 272 339 81 Question

127 333 280 65 résolue.
351 333 112 65 La
407 333 261 65 Salutation
613 333 261 65 angélique.
818 333 243 65 Conte
1004 333 131 65 (en
1079 333 187 65 vers).
1210 333 149 65 Aut.
1303 333 93 65 1
1340 333 112 65 p.
1396 333 131 65 pl.
1452 333 75 65 et

79 374 566 68 demie
457 374 692 68 in-fol.
1023 374 315 68 1
1149 374 440 68 175
1337 374 189 68 »

72 427 195 87 5224.
202 427 412 87 Rousseau
549 427 412 87 (Jean-Jacques).
896 427 130 87 L.
961 427 173 87 aut.
1070 427 195 87 sig.,
1200 427 108 87 à
1243 427 130 87 M.
1308 427 173 87 Guy,
1395 427 130 87 chez

122 480 166 60 Mme
217 480 214 60 veuve
360 480 309 60 Duchesne.
597 480 356 60 Strasbourg,
882 480 142 60 28
953 480 285 60 novembre
1167 480 214 60 1765.
1309 480 119 60 1
1357 480 142 60 p.
1404 480 119 60 pl.

123 526 201 67 in-4.
256 526 267 67 Ecriture
457 526 134 67 un
524 526 156 67 peu
613 526 201 67 pâle.
747 526 290 67 Enveloppe
970 526 178 67 aut.
1081 526 178 67 avec
1193 526 156 67 son
1282 526 223 67 cachet
1416 526 111 67 ar-

119 583 314 47 ménien,
348 583 229 47 mais
491 583 314 47 n’étant
720 583 200 47 pas
834 583 172 47 de
920 583 172 47 la
1005 583 229 47 même
1148 583 314 47 lettre.
1377 583 172 47 40
1434 583 86 47 »

82 617 181 70 5225.
202 617 361 70 Rovidal
503 617 241 70 (César),
684 617 361 70 mathématicien,
985 617 321 70 littérateur,
1246 617 281 70 traducteur
1447 617 80 70 de

128 667 125 61 la
191 667 146 61 Vie
274 667 125 61 de
337 667 146 61 Pie
421 667 146 61 VII
504 667 146 61 par
588 667 230 61 Artaud.
755 667 125 61 L.
818 667 167 61 aut.
923 667 167 61 sig.
1027 667 146 61 (en
1111 667 272 61 italien),
1320 667 125 61 au
1362 667 167 61 cheva-

123 714 226 67 lier
264 714 310 67 Charles
489 714 310 67 Morbio.
715 714 169 67 23
800 714 197 67 mai
913 714 254 67 1838.
1082 714 141 67 1
1138 714 169 67 p.
1223 714 254 67 in-4.
1392 714 141 67 2
1420 714 113 67 50

85 767 194 72 5226.
215 767 517 72 Saint-Aulaire
668 767 151 72 (le
754 767 237 72 vicomte
926 767 172 72 de),
1034 767 388 72 contre-amiral.
1358 767 129 72 L.
1401 767 129 72 aut.

129 807 208 64 sig.
259 807 260 64 Paris,
441 807 130 64 9
493 807 286 64 janvier
702 807 234 64 1819.
858 807 130 64 1
910 807 156 64 p.
988 807 234 64 in-4.
1144 807 338 64 Curieuse.
1405 807 130 64 2
1431 807 104 64 50

86 865 184 55 5227.
208 865 408 55 Sombreuil
555 865 143 55 (la
636 865 245 55 comtesse
820 865 122 55 de
881 865 286 55 Villelume,
1106 865 143 55 née
1187 865 184 55 Virot
1310 865 163 55 de),
1391 865 143 55 fille

134 897 131 70 du
200 897 307 70 gouverneur
441 897 153 70 des
528 897 307 70 Invalides,
769 897 241 70 célèbre
945 897 153 70 par
1032 897 153 70 son
1120 897 307 70 dévoucment
1339 897 197 70 filial.

135 947 140 71 L.
205 947 187 71 aut.
321 947 210 71 sig.,
462 947 117 71 à
508 947 140 71 M.
578 947 327 71 Duchesnes.
835 947 117 71 7
882 947 210 71 avril
1022 947 210 71 1821.
1162 947 117 71 2
1209 947 140 71 p.
1279 947 210 71 in-8.
1419 947 140 71 50
1466 947 70 71 »

184 990 261 78 Demande
374 990 214 78 d’une
517 990 356 78 procuration
802 990 190 78 pour
921 990 261 78 toucher
1111 990 143 78 sa
1182 990 261 78 pension
1372 990 166 78 sur
1443 990 95 78 la

137 1058 187 52 liste
262 1058 229 52 civile.
429 1058 250 52 Curieuse
616 1058 166 52 pour
699 1058 333 52 l’orthographe.

88 1088 195 75 5228.
219 1088 521 75 Taccani-Tasca
675 1088 174 75 (Mme
783 1088 130 75 la
848 1088 261 75 comtesse
1044 1088 239 75 Elisa),
1217 1088 282 75 chanteuse
1413 1088 130 75 ita-

143 1133 211 73 lienne.
296 1133 115 73 L.
353 1133 153 73 aut.
449 1133 172 73 sig.,
564 1133 96 73 à
602 1133 115 73 M.
660 1133 211 73 Elwart.
813 1133 191 73 Paris,
947 1133 115 73 11
1004 1133 172 73 avril
1119 1133 172 73 1837.
1234 1133 96 73 1
1272 1133 115 73 p.
1329 1133 172 73 in-8.
1444 1133 96 73 2
1463 1133 77 73 50

90 1185 201 76 5229.
224 1185 671 76 Talleyrand-Périgord
828 1185 447 76 (Charles-Maurice
1208 1185 179 76 de),
1319 1185 224 76 prince
1454 1185 89 76 de

142 1229 280 80 Bénévent.
358 1229 129 80 L.
422 1229 194 80 sig.,
552 1229 129 80 au
616 1229 237 80 citoyen
788 1229 215 80 Jubié,
939 1229 345 80 représentant
1219 1229 129 80 du
1284 1229 237 80 peuple.
1434 1229 108 80 Pa-

142 1280 173 70 ris,
250 1280 108 70 4
293 1280 259 70 cerminal
487 1280 129 70 an
552 1280 173 70 VII.
660 1280 108 70 1
703 1280 129 70 p.
768 1280 151 70 pl.
854 1280 194 70 in-4.
983 1280 216 70 Cachet
1134 1280 129 70 en
1199 1280 173 70 cire
1307 1280 216 70 rouge.
1458 1280 108 70 5
1479 1280 65 70 »

96 1329 179 75 5230.
215 1329 338 75 Tékéli
494 1329 119 75 ou
553 1329 318 75 Thokoli
812 1329 258 75 (Etienne,
1010 1329 219 75 comte),
1169 1329 199 75 prince
1309 1329 119 75 de
1348 1329 199 75 Transyl

145 1373 226 67 vanie,
304 1373 158 67 dit
394 1373 136 67 le
462 1373 226 67 Crésus
620 1373 136 67 de
688 1373 271 67 Hongrie.
892 1373 136 67 M.
960 1373 204 67 1671.
1096 1373 136 67 L.
1163 1373 181 67 sig.
1277 1373 158 67 (en
1344 1373 204 67 latin).

119 1422 286 73 13
262 1422 333 73 mai
453 1422 428 73 1659.
738 1422 238 73 2
833 1422 286 73 p.
976 1422 523 73 in-fol.
1357 1422 238 73 6
1404 1422 143 73 »

101 1464 200 82 5231.
234 1464 377 82 Thouin
545 1464 266 82 (André),
745 1464 355 82 naturaliste.
1033 1464 133 82 L.
1100 1464 178 82 aut.
1211 1464 200 82 sig.,
1344 1464 111 82 à
1389 1464 133 82 M.
1433 1464 111 82 ...

130 1515 394 90 Paris,
405 1515 236 90 16
523 1515 315 90 juin
720 1515 354 90 1784.
956 1515 197 90 2
1035 1515 236 90 p.
1153 1515 354 90 in-4.
1390 1515 197 90 5
1429 1515 118 90 »

195 1554 125 87 Il
258 1554 167 87 doit
362 1554 125 87 le
425 1554 251 87 prévenir
613 1554 146 87 que
696 1554 125 87 le
759 1554 251 87 désordre
947 1554 125 87 ne
1010 1554 167 87 fait
1114 1554 334 87 qu'augmenter
1386 1554 167 87 dans
1469 1554 84 87 la

150 1608 215 77 maison
301 1608 129 77 de
366 1608 302 77 St-Victor.
603 1608 259 77 L’esprit
797 1608 452 77 d’insubordination
1185 1608 108 77 y
1228 1608 151 77 est
1314 1608 194 77 porté
1443 1608 108 77 à
1465 1608 86 77 un

155 1650 142 86 tel
236 1650 203 86 point,
378 1650 142 86 que
459 1650 142 86 les
540 1650 223 86 novices
702 1650 122 86 ne
763 1650 223 86 veulent
925 1650 162 86 plus
1026 1650 182 86 obéir
1148 1650 101 86 à
1188 1650 182 86 leurs
1290 1650 263 86 supérieurs,

154 1709 201 66 qu’ils
294 1709 221 66 sortent
455 1709 201 66 toutes
595 1709 140 66 les
675 1709 201 66 nuits,
816 1709 120 66 et
876 1709 140 66 que
956 1709 181 66 trois
1077 1709 221 66 d’entre
1237 1709 160 66 eux,
1337 1709 120 66 en
1377 1709 181 66 escala-

153 1756 170 79 dant
259 1756 149 79 les
344 1756 170 79 murs
451 1756 128 79 du
515 1756 256 79 couvent,
706 1756 128 79 se
770 1756 170 79 sont
877 1756 298 79 grièvement
1111 1756 234 79 blessès
1281 1756 128 79 il
1345 1756 106 79 y
1388 1756 106 79 a
1409 1756 149 79 quel-

153 1795 165 86 ques
257 1795 207 86 jours;
401 1795 124 86 de
463 1795 186 86 plus,
587 1795 145 86 les
670 1795 289 86 créanciers
897 1795 124 86 de
959 1795 186 86 cette
1083 1795 227 86 maison,
1248 1795 145 86 las
1310 1795 248 86 d’attendre

157 1843 194 82 après
287 1843 173 82 leur
395 1843 237 82 argent,
567 1843 173 82 sont
675 1843 151 82 sur
761 1843 129 82 le
826 1843 194 82 point
955 1843 280 82 d’arrêter
1171 1843 151 82 les
1257 1843 237 82 revenus
1430 1843 129 82 de
1473 1843 86 82 la

153 1913 227 68 maison
289 1913 340 68 canonicale...

107 1945 187 77 5232.
232 1945 311 77 Thun
481 1945 145 77 (le
564 1945 187 77 baron
688 1945 166 77 de),
792 1945 249 77 ministre
978 1945 415 77 plénipotentiaire
1331 1945 124 77 de
1372 1945 187 77 Wirtem

158 1979 191 90 berg.
285 1979 234 90 Mémoire
455 1979 170 90 aut.
562 1979 170 90 sig.
668 1979 170 90 pour
774 1979 128 90 M.
838 1979 128 90 de
902 1979 276 90 Montigny.
1115 1979 213 90 Paris,
1263 1979 128 90 25
1327 1979 170 90 mars
1412 1979 149 90 1767.

144 2032 187 100 1
218 2032 261 100 gr.
368 2032 224 100 p.
480 2032 261 100 pl.
629 2032 224 100 et
741 2032 336 100 demie
965 2032 411 100 in-fol.
1339 2032 187 100 3
1414 2032 187 100 8
1451 2032 112 100 »

204 2087 138 80 Au
273 2087 207 80 sujet
411 2087 138 80 du
480 2087 253 80 transit
664 2087 161 80 des
756 2087 276 80 ouvrages
963 2087 138 80 de
1032 2087 207 80 iaine
1170 2087 138 80 de
1239 2087 322 80 ontbéliard
1469 2087 92 80 en

162 2146 220 62 Suisse
316 2146 154 62 par
404 2146 132 62 la
470 2146 264 62 Franche-
647 2146 220 62 Comté...

114 2155 181 103 5233.
235 2155 322 103 Tieck
496 2155 241 103 (Louis),
677 2155 181 103 poëte
798 2155 261 103 allemand.
999 2155 121 103 L.
1059 2155 161 103 aut.
1160 2155 161 103 sig.
1260 2155 141 103 (en
1321 2155 241 103 allemand).

120 2219 315 81 1
246 2219 441 81 gr.
498 2219 378 81 p.
687 2219 441 81 pl.
939 2219 567 81 in-4.
1317 2219 315 81 6
1380 2219 189 81 »

115 2253 195 103 5234.
246 2253 369 103 Tiedge
550 2253 543 103 (Christophe-Auguste),
1027 2253 195 103 poëte
1157 2253 282 103 Allemand.
1375 2253 195 103 Pièce
1483 2253 87 103 de

154 2309 264 93 vers
319 2309 264 93 sig.
484 2309 198 93 en
583 2309 462 93 allemand).
946 2309 165 93 2
1012 2309 198 93 p.
1111 2309 231 93 pl.
1243 2309 297 93 in-8.
1441 2309 165 93 6
1474 2309 99 93 »

122 2461 174 95 5235.
238 2461 329 95 Vernet
509 2461 252 95 (Horace),
703 2461 213 95 peintre
858 2461 291 95 d’histoire.
1091 2461 174 95 La
1207 2461 155 95 mort
1304 2461 116 95 du
1342 2461 233 95 prince

172 2516 252 90 Joseph
366 2516 388 90 Poniatousk.
695 2516 194 90 Dessin
831 2516 252 90 original,
1025 2516 97 90 à
1064 2516 116 90 la
1122 2516 175 90 sépia
1238 2516 252 90 (première
1413 2516 155 90 idée).

171 2569 129 81 Le
236 2569 259 81 maréchal
430 2569 129 81 se
495 2569 302 81 précipite,
732 2569 108 81 à
775 2569 237 81 cheval,
948 2569 173 81 dans
1056 2569 302 81 l’Ellster,
1293 2569 129 81 au
1357 2569 216 81 moment
1487 2569 86 81 de

171 2611 330 89 l’explosion
435 2611 132 89 du
501 2611 198 89 pont.
633 2611 330 89 Composition
896 2611 198 89 d’une
1028 2611 220 89 grande
1182 2611 242 89 énergie
1358 2611 132 89 et
1402 2611 176 89 signée

153 2658 366 92 H.
398 2658 407 92 V
682 2658 448 92 In-fol.
1008 2658 448 92 oblong.
1334 2658 285 92 300
1456 2658 122 92 »
