1678 2903
718 54 245 95 229
823 54 105 95 —

113 143 131 80 et
179 143 131 80 de
244 143 436 80 l’Opéra-Comique.
615 143 131 80 L.
680 143 196 80 aut.,
811 143 109 80 à
855 143 131 80 M.
920 143 240 80 Gustaye
1095 143 262 80 Dugazon,
1291 143 153 80 son
1356 143 153 80 fils.

105 211 263 59 Meun,
280 211 176 59 16
368 211 234 59 juin
515 211 263 59 1813.
690 211 146 59 2
749 211 176 59 p.
837 211 205 59 pl.
954 211 176 59 et
1042 211 263 59 quart
1217 211 263 59 in-8.
1393 211 146 59 6
1422 211 88 59 »

161 260 127 67 Au
224 260 190 67 sujet
351 260 127 67 de
414 260 127 67 la
478 260 232 67 gravure
646 260 127 67 et
710 260 148 67 des
794 260 253 67 épreuves
984 260 106 67 à
1026 260 190 67 tirer
1153 260 127 67 de
1216 260 148 67 son
1280 260 232 67 portrait.

66 294 189 76 2334.
192 294 336 76 Dumas
465 294 294 76 (Jacques),
696 294 273 76 chimiste.
907 294 126 76 L.
970 294 168 76 aut.
1075 294 168 76 sig.
1180 294 105 76 2
1222 294 126 76 p.
1285 294 189 76 in-8.
1411 294 105 76 1
1432 294 84 76 50

66 361 192 81 2835.
194 361 576 81 Dupuis-Delcourt,
706 361 299 81 phvsicien,
941 361 299 81 aéronaute.
1176 361 128 81 L.
1240 361 171 81 aut.
1346 361 192 81 sig.,
1453 361 64 81 à

107 407 166 64 M.
190 407 166 64 le
273 407 332 64 baron...
522 407 276 64 Paris,
715 407 166 64 17
798 407 193 64 mai
909 407 249 64 1829.
1075 407 138 64 1
1130 407 166 64 p.
1213 407 249 64 in-4.
1379 407 138 64 2
1406 407 111 64 50

162 469 125 51 Au
225 469 188 51 sujet
350 469 188 51 d’une
475 469 271 51 ascension
684 469 188 51 qu’il
809 469 250 51 projette
997 469 292 51 d’exécuter
1226 469 104 51 à
1247 469 271 51 Saint

118 514 117 62 le
176 514 117 62 15
215 514 195 62 juillet.

67 547 184 81 2836.
190 547 574 81 Surand-Mlaillane,
702 547 205 81 député
846 547 144 81 des
928 547 554 81 Bouches-du-Rhône
1420 547 103 81 à
1440 547 82 81 la

116 607 284 69 Convention,
344 607 190 69 auteur
476 607 114 69 de
533 607 360 69 Mémoires
836 607 133 69 sur
912 607 114 69 la
969 607 284 69 révolution.
1197 607 114 69 L.
1254 607 152 69 aut.
1348 607 171 69 sig.,
1443 607 76 69 au

114 671 238 47 citoyen
288 671 217 47 Aubry,
439 671 217 47 membre
591 671 130 47 du
656 671 217 47 Comité
807 671 130 47 de
872 671 195 47 salut
1002 671 238 47 pablic.
1176 671 217 47 Paris,
1327 671 108 47 6
1349 671 173 47 messi-

112 703 183 54 dor
216 703 156 54 an
294 703 209 54 III.
425 703 130 54 1
477 703 156 54 p.
555 703 183 54 pl.
660 703 156 54 et
738 703 235 54 demie
894 703 235 54 in-4.
1051 703 443 54 Intéressante.
1416 703 130 54 5
1442 703 78 54 »

74 750 151 78 2837.
175 750 269 78 Duras
394 750 134 78 (Mme
478 750 101 78 la
528 750 202 78 cuchesse
679 750 134 78 de),
763 750 118 78 née
831 750 336 78 Rersaint
1117 750 168 78 auteur
1217 750 303 78 d'Ourika

116 814 124 57 L.
178 814 166 57 aut.
282 814 166 57 sig.
385 814 124 57 (à
448 814 124 57 la
510 814 124 57 3e
572 814 290 57 personne),
799 814 104 57 à
841 814 124 57 M.
903 814 124 57 le
965 814 186 57 baron
1089 814 124 57 de
1151 814 124 57 La
1213 814 207 57 Ferté.
1358 814 124 57 Ce
1400 814 124 57 ven-

103 843 336 84 dredi
327 843 374 84 matin.
589 843 187 84 1
663 843 224 84 p.
775 843 374 84 in-12.
1037 843 411 84 Cachet.
1336 843 187 84 3
1373 843 150 84 50

165 894 233 64 Demande
334 894 127 64 de
398 894 212 64 quatre
546 894 233 64 billets
715 894 212 64 blancs
864 894 169 64 pour
969 894 339 64 l’exposition
1245 894 148 64 des
1308 894 212 64 présents

121 949 105 60 à
163 949 293 60 l’occasion
393 949 126 60 du
456 949 188 60 sacre
582 949 126 60 de
645 949 230 60 Charles
791 949 84 60 X.

72 981 182 101 2838.
193 981 343 101 Empis,
475 981 202 101 auteur
616 981 303 101 dramatique.
858 981 121 101 L.
919 981 161 101 aut.
1020 981 182 101 sig.,
1141 981 101 101 à
1181 981 121 101 M.
1242 981 202 101 Firmin
1363 981 161 101 Didot.

109 1051 461 60 Bruxelles,
471 1051 197 60 10
570 1051 362 60 juillet
833 1051 296 60 1812.
1030 1051 165 60 1
1096 1051 197 60 p.
1195 1051 296 60 in-4.
1392 1051 165 60 2
1425 1051 99 60 »

72 1081 211 96 2839.
212 1081 328 96 Emprunt
470 1081 188 96 pour
588 1081 258 96 l’armée
775 1081 399 96 d’Italie.
1104 1081 141 96 L.
1174 1081 188 96 sig.
1291 1081 141 96 du
1338 1081 188 96 répré

118 1166 238 55 sentant
291 1166 130 55 du
356 1166 216 55 peuple
508 1166 195 55 F.-J.
638 1166 238 55 Ritier,
811 1166 195 55 datée
941 1166 130 55 de
1006 1166 260 55 Savonne,
1200 1166 130 55 le
1265 1166 130 55 30
1309 1166 216 55 frimaire

121 1207 134 48 au
188 1207 156 48 IV;
277 1207 268 48 adressée
478 1207 134 48 au
545 1207 246 48 citoyen
724 1207 246 48 Villar,
903 1207 223 48 envoyé
1059 1207 402 48 extraordinaire
1394 1207 134 48 de
1439 1207 89 48 la

122 1241 298 63 république
356 1241 298 63 française,
590 1241 106 63 à
633 1241 213 63 Gènes,
782 1241 170 63 dans
888 1241 256 63 laquelle
1080 1241 128 63 il
1144 1241 149 63 lui
1229 1241 213 63 expose
1378 1241 128 63 la
1421 1241 106 63 né-

123 1289 234 65 cessité
293 1289 128 65 de
357 1289 191 65 faire
484 1289 128 65 un
548 1289 234 65 emprunt
718 1289 128 65 de
782 1289 149 65 dix
867 1289 255 65 millions
1058 1289 170 65 pour
1165 1289 213 65 sauver
1313 1289 128 65 de
1377 1289 128 65 la
1420 1289 106 65 mi-

126 1350 165 60 sère
229 1350 226 60 l'armée
394 1350 267 60 d’Italie.
599 1350 206 60 Moyens
743 1350 103 60 à
785 1350 247 60 employer
970 1350 165 60 pour
1073 1350 288 60 l'obtenir,
1299 1350 165 60 etc.
1402 1350 103 60 3
1422 1350 103 60 gr.

122 1400 134 73 p.
189 1400 156 73 pl.
278 1400 134 73 et
345 1400 201 73 demie
479 1400 246 73 in-fol.
658 1400 179 73 Tête
769 1400 290 73 imprimée.
993 1400 290 73 Vignette.
1216 1400 246 73 Curieux
1373 1400 156 73 docu-

21 1429 1257 84 ments.
901 1429 629 84 7
1027 1429 503 84 50

79 1470 182 88 2840.
200 1470 383 88 Fabbroni
523 1470 222 88 (Jean),
684 1470 242 88 chimiste
865 1470 242 88 italien.
1047 1470 121 88 L.
1107 1470 161 88 aut.
1208 1470 182 88 sig.,
1329 1470 101 88 à
1370 1470 141 88 MM.
1430 1470 101 88 les

122 1550 439 60 administrateurs
491 1550 162 60 des
584 1550 277 60 monnaies
791 1550 139 60 de
861 1550 300 60 l'Empire,
1091 1550 115 60 à
1138 1550 231 60 Paris.
1276 1550 254 60 Florence,

114 1586 197 57 17
213 1586 362 57 juillet
476 1586 296 57 1809.
673 1586 164 57 3
739 1586 197 57 p.
838 1586 395 57 très-gr.
1133 1586 362 57 in-fol.
1396 1586 164 57 5
1429 1586 99 57 »

175 1626 233 84 Détails
344 1626 148 84 sur
429 1626 127 84 la
492 1626 317 84 fabrication
746 1626 148 84 des
830 1626 254 84 monnaies
1020 1626 106 84 à
1041 1626 233 84 Florence.

80 1677 184 82 2841.
202 1677 347 82 Falcon
488 1677 184 82 (Mlle
610 1677 286 82 Cornélie),
834 1677 245 82 danseuse
1018 1677 122 82 de
1079 1677 245 82 l’Opéra.
1263 1677 122 82 L.
1324 1677 163 82 aut.
1406 1677 122 82 sig.

84 1732 629 71 Lundi.
524 1732 315 71 1
650 1732 377 71 p.
839 1732 566 71 in-8.
1216 1732 315 71 1
1279 1732 252 71 50

81 1778 188 76 2842.
207 1778 272 76 Faujas
416 1778 126 76 de
479 1778 398 76 Saint-Fond
814 1778 335 76 naturaliste.
1086 1778 126 76 L.
1148 1778 167 76 aut.
1253 1778 188 76 sig.,
1379 1778 105 76 à
1399 1778 126 76 M...

112 1838 394 65 Paris,
388 1838 237 65 24
506 1838 315 65 juin
703 1838 355 65 1787.
940 1838 197 65 3
1018 1838 237 65 p.
1137 1838 355 65 in-4.
1373 1838 197 65 3
1413 1838 118 65 »

177 1887 129 51 Au
241 1887 193 51 sujet
370 1887 172 51 d'un
477 1887 215 51 envoi,
628 1887 129 51 au
692 1887 215 51 Havre,
843 1887 129 51 du
907 1887 322 51 pouzzolanes
1144 1887 236 51 d’Ecosse.

86 1924 169 78 2843.
199 1924 318 78 Faure,
461 1924 187 78 député
592 1924 112 78 de
648 1924 112 78 la
704 1924 412 78 Haute-Loire
1060 1924 94 78 à
1097 1924 112 78 la
1154 1924 281 78 Convention.
1378 1924 112 78 L.
1416 1924 112 78 aut.

132 1990 188 56 sig.,
257 1990 125 56 au
320 1990 251 56 ministre
508 1990 125 56 de
571 1990 125 56 la
633 1990 230 56 guerre.
800 1990 209 56 Paris,
946 1990 125 56 25
1009 1990 251 56 pluviôse
1197 1990 125 56 an
1260 1990 146 56 VI.
1343 1990 104 56 1
1385 1990 125 56 p.
1427 1990 104 56 pl.

78 2026 459 54 et
307 2026 688 54 quart
766 2026 688 54 in-4.
1224 2026 382 54 3
1301 2026 229 54 »

87 2065 169 66 2844.
200 2065 319 66 Faure,
462 2065 188 66 député
594 2065 113 66 de
650 2065 113 66 la
706 2065 506 66 Seine-Inférieure
1156 2065 94 66 à
1194 2065 113 66 la
1250 2065 281 66 Convention.
1456 2065 75 66 L.

131 2122 173 71 aut.
239 2122 194 71 sig.,
369 2122 130 71 au
434 2122 281 71 président
650 2122 130 71 du
714 2122 216 71 Comité
866 2122 130 71 de
930 2122 194 71 salut
1060 2122 238 71 public.
1233 2122 151 71 1er
1297 2122 238 71 thermidor

107 2156 276 80 an
245 2156 322 80 II.
429 2156 230 80 2
522 2156 322 80 gr.
706 2156 276 80 p.
844 2156 322 80 pl.
1028 2156 415 80 in-4.
1305 2156 230 80 7
1351 2156 184 80 50

181 2212 127 64 En
244 2212 211 64 prison
392 2212 211 64 depuis
540 2212 190 64 trois
667 2212 190 64 mois,
794 2212 127 64 il
857 2212 190 64 vient
984 2212 317 64 d’apprendre
1237 2212 148 64 que
1322 2212 148 64 son
1385 2212 148 64 fils,

134 2257 293 57 accusateur
365 2257 210 57 public
511 2257 126 57 au
574 2257 251 57 tribunal
763 2257 126 57 du
826 2257 335 57 département,
1098 2257 251 57 fonction
1287 2257 189 57 qu’il
1391 2257 147 57 avait

130 2305 256 67 toujours
322 2305 235 67 exercée
492 2305 235 67 presque
663 2305 171 67 seul
770 2305 128 67 et
834 2305 149 67 par
919 2305 277 67 l’absence
1133 2305 128 67 de
1197 2305 341 67 Robespierre,
1453 2305 85 67 et

135 2347 146 73 par
219 2347 125 73 la
281 2347 188 73 fuite
407 2347 125 73 de
469 2347 209 73 Duport
616 2347 125 73 du
678 2347 209 73 Tertre
825 2347 167 73 dont
929 2347 125 73 il
992 2347 230 73 n’était
1159 2347 146 73 que
1242 2347 125 73 le
1284 2347 251 73 substitut,

136 2394 183 60 vient
258 2394 203 60 d'être
400 2394 224 60 arrêté.
562 2394 346 60 Justification
847 2394 122 60 de
908 2394 122 60 sa
969 2394 244 60 conduite
1152 2394 102 60 à
1193 2394 122 60 la
1253 2394 285 60 Convention
1457 2394 81 60 et

139 2452 119 69 de
199 2452 179 69 celle
318 2452 119 69 de
378 2452 139 69 son
437 2452 179 69 fils...

91 2465 178 95 2845.
210 2465 356 95 Favier,
507 2465 317 95 naturaliste,
764 2465 139 95 ami
843 2465 119 95 du
903 2465 277 95 navigateur
1120 2465 277 95 Lapérouse.
1338 2465 119 95 L.
1397 2465 119 95 a.
1437 2465 99 95 s.,

137 2556 106 51 à
179 2556 127 51 M.
243 2556 212 51 l'abbé
391 2556 233 51 Pouret,
561 2556 297 51 bénéficier
794 2556 127 51 de
857 2556 254 51 l’église
1048 2556 127 51 de
1111 2556 275 51 Narbonne.
1302 2556 233 51 Toulouse,

140 2587 127 68 16
203 2587 170 68 août
310 2587 191 68 1783,
437 2587 106 68 2
479 2587 127 68 p.
543 2587 149 68 pl.
628 2587 191 68 in-4.
755 2587 127 68 Il
819 2587 106 68 y
861 2587 149 68 est
946 2587 255 68 question
1137 2587 127 68 de
1201 2587 297 68 Lapérouse.
1434 2587 106 68 2
1455 2587 85 68 50

94 2633 167 74 2846.
206 2633 352 74 Férussac
502 2633 130 74 (le
577 2633 167 74 baron
688 2633 148 74 de),
781 2633 204 74 savant,
929 2633 111 74 né
985 2633 130 74 aux
1059 2633 241 74 Chartrons
1226 2633 315 74 (Lot

145 2679 344 69 Garonne)).
432 2679 115 69 L.
489 2679 153 69 aut.
585 2679 172 69 sig.,
700 2679 96 69 à
738 2679 115 69 M.
795 2679 96 69 .
833 2679 191 69 Paris,
967 2679 115 69 26
1025 2679 153 69 mars
1120 2679 172 69 1832,
1235 2679 96 69 2
1273 2679 115 69 p.
1331 2679 172 69 in-4.
1445 2679 96 69 2
1465 2679 77 69 50

94 2725 177 108 2847.
212 2725 314 108 Fesch
468 2725 138 108 (le
546 2725 275 108 cardinal),
762 2725 177 108 oncle
880 2725 118 108 de
939 2725 275 108 l’empereur
1155 2725 255 108 Napoléon.
1352 2725 118 108 L.
1391 2725 157 108 sig...
