1604 3050
661 109 181 104 —
733 109 254 104 232
842 109 109 104 —

130 212 251 75 «ceinte,
318 212 251 75 attaquée
506 212 104 75 à
548 212 188 75 force
673 212 230 75 ouverte
841 212 146 75 par
924 212 146 75 des
1008 212 209 75 furies
1154 212 125 75 et
1217 212 146 75 des
1279 212 251 75 assassins!

129 277 161 57 «Le
221 277 298 57 président
450 277 252 57 entouré
634 277 138 57 de
702 277 321 57 poignards,
955 277 138 57 et
1023 277 161 57 des
1115 277 229 57 hommes
1276 277 138 57 en
1322 277 206 57 révolte

127 328 280 50 «dictants
343 328 129 50 de
408 328 129 50 la
472 328 237 50 tribune
645 328 151 50 des
731 328 172 50 loix
839 328 108 50 à
882 328 259 50 soixante
1076 328 129 50 ou
1140 328 366 50 quatre-vingts
1420 328 108 50 dé-

126 361 238 68 «putés
293 361 166 68 qui
388 361 309 68 siégaient
626 361 238 68 encore
792 361 143 68 au
863 361 238 68 milieu
1030 361 214 68 d’une
1172 361 214 68 foule
1315 361 214 68 avide
1434 361 95 68 de

128 423 294 61 «carnage.
354 423 181 61 J’ai
467 423 136 61 vu
535 423 158 61 mon
626 423 294 61 courageux
852 423 271 61 collègue
1055 423 249 61 Ferraud
1236 423 226 61 tomber
1394 423 113 61 à
1417 423 113 61 mes

128 458 241 65 «côtés,
303 458 131 65 et
369 458 263 65 quelques
566 458 241 65 moments
741 458 197 65 après
872 458 131 65 sa
938 458 175 65 tête
1047 458 285 65 présentée
1266 458 153 65 aux
1332 458 197 65 regards

130 514 310 62 «farouches
374 514 155 62 des
462 514 266 62 monstres
662 514 155 62 qui
751 514 333 62 demandaient
1017 514 133 62 de
1083 514 288 62 nouvelles
1283 514 244 62 victimes.

131 556 209 70 «L’âme
277 556 250 70 déchirée
465 556 125 70 de
528 556 125 70 la
590 556 230 70 douleur
757 556 125 70 la
820 556 167 70 plus
924 556 188 70 vive,
1049 556 125 70 je
1112 556 230 70 tournai
1279 556 146 70 mes
1341 556 188 70 regards

128 604 203 68 «vers
264 604 135 68 ma
332 604 248 68 patrie,
512 604 135 68 et
580 604 135 68 je
648 604 135 68 ne
715 604 158 68 vis
806 604 181 68 plus
919 604 203 68 qu’un
1054 604 203 68 crèpe
1189 604 248 68 funèbre
1347 604 181 68 étendu

128 656 181 65 «sur
241 656 136 65 la
309 656 316 65 République
535 656 362 65 française!...»

84 679 163 84 2874.
192 679 307 84 Juditf
445 679 163 84 (Mlle
554 679 108 84 J.
608 679 325 84 Bernat
879 679 181 84 dite),
1005 679 199 84 actrice
1150 679 108 84 du
1186 679 343 84 Théâtre

103 743 296 60 L.
250 743 394 60 aut.
497 743 394 60 sig.
743 743 246 60 1
842 743 296 60 p.
989 743 443 60 in-8.
1285 743 246 60 1
1334 743 197 60 50

81 799 184 58 2875.
203 799 327 58 Lanoy
468 799 265 58 (Ambroise
673 799 163 58 de),
775 799 327 58 pensionnaire
1040 799 122 58 de
1101 799 122 58 la
1163 799 225 58 musique
1326 799 122 58 de
1367 799 163 58 Gaston

121 842 420 59 d’Orléans.
451 842 300 59 Quitt.
661 842 240 59 sig.
811 842 240 59 (sur
960 842 360 59 parch.).
1230 842 270 59 1613.
1410 842 150 59 2
1440 842 90 59 »

78 885 238 61 2876.
236 885 238 61 La
395 885 423 61 Rochelle
738 885 317 61 (Conseil
976 885 370 61 d'amirauté
1267 885 211 61 de).
1399 885 159 61 10
1452 885 79 61 »

177 942 122 59 1°
238 942 183 59 Pièce
359 942 162 59 sig.
461 942 142 59 par
542 942 183 59 Louis
664 942 142 59 XIV
745 942 122 59 et
806 942 142 59 par
887 942 223 59 Colbert
1049 942 162 59 (sur
1151 942 304 59 parchemin).
1374 942 162 59 Saint

129 990 426 59 Germain-en-Laye,
491 990 106 59 7
533 990 170 59 déc.
640 990 192 59 1675.
767 990 192 59 Arrêt
895 990 277 59 (signifié
1108 990 106 59 à
1151 990 128 59 de
1215 990 256 59 Mirande,
1385 990 149 59 lieu-

130 1034 219 50 tenant
284 1034 132 50 en
349 1034 307 50 l’amirauté
590 1034 132 50 de
656 1034 132 50 la
722 1034 285 50 Rochelle)
941 1034 153 50 qui
1029 1034 241 50 déclare
1204 1034 132 50 de
1270 1034 197 50 bonne
1380 1034 153 50 prise

128 1082 135 53 les
205 1082 212 53 navires
359 1082 173 53 le
474 1082 327 53 Saint-Antoine
744 1082 116 53 de
802 1082 212 53 Padoue,
956 1082 116 53 la
1014 1082 270 53 Notre-Dame
1226 1082 116 53 de
1264 1082 270 53 l'Assomp

134 1128 178 73 tion
264 1128 97 73 et
312 1128 97 73 le
345 1128 308 73 Saint

173 1139 112 103 2°
229 1139 205 103 Extrait
378 1139 130 103 des
453 1139 242 103 registres
639 1139 112 103 du
695 1139 205 103 conseil
844 1139 205 103 d’Etat,
993 1139 168 103 signé
1105 1139 354 103 Colbert
1404 1139 130 103 sur
1459 1139 75 103 la

127 1212 330 78 déclaration
391 1212 132 78 de
457 1212 198 78 bonne
588 1212 198 78 prise
720 1212 154 78 des
808 1212 286 78 vaisseaux
1028 1212 176 78 dont
1138 1212 132 78 il
1203 1212 154 78 est
1291 1212 198 78 parlé
1401 1212 132 78 dans

126 1282 134 55 un
193 1282 224 55 numéro
349 1282 156 55 qui
439 1282 268 55 précède,
640 1282 268 55 lesquels
841 1282 156 55 ont
930 1282 156 55 été
1020 1282 268 55 capturés
1221 1282 134 55 le
1288 1282 134 55 31
1333 1282 201 55 octobre

127 1319 201 60 1675,
261 1319 156 60 par
350 1319 134 60 le
417 1319 201 60 comte
551 1319 134 60 de
618 1319 246 60 Blenac,
797 1319 313 60 commandant
1043 1319 134 60 le
1110 1319 268 60 vaisseau
1311 1319 134 60 de
1379 1319 134 60 Sa
1423 1319 112 60 Ma-

128 1365 166 64 jesté
238 1365 166 64 le
349 1365 314 64 Brillant
608 1365 166 64 Pièce
719 1365 129 64 sur
792 1365 259 64 parchemin.
996 1365 92 64 2
1033 1365 111 64 p.
1088 1365 111 64 et
1143 1365 166 64 demie
1236 1365 166 64 in

83 1403 184 91 2877.
205 1403 409 91 Latreille
553 1403 388 91 (Pierre-André),
880 1403 204 91 savant
1023 1403 368 91 entomologiste,
1330 1403 204 91 membre
1452 1403 82 91 de

129 1463 285 75 l’Académie
353 1463 143 75 des
434 1463 265 75 Sciences.
638 1463 122 75 Né
699 1463 102 75 à
740 1463 204 75 Brives
883 1463 387 75 (Corrèze)).
1209 1463 122 75 L.
1270 1463 163 75 aut.
1372 1463 183 75 sig.,
1474 1463 61 75 à

116 1513 207 50 M.
220 1513 311 50 Bosc.
427 1513 207 50 14
531 1513 380 50 janvier
807 1513 311 50 1816.
1015 1513 173 50 1
1084 1513 207 50 p.
1188 1513 311 50 in-4.
1395 1513 173 50 2
1429 1513 104 50 »

81 1541 195 89 2878.
211 1541 390 89 Legouvé
537 1541 282 89 (Ernest),
753 1541 217 89 poëte,
905 1541 217 89 auteur
1057 1541 325 89 dramatique,
1317 1541 217 89 membre
1447 1541 87 89 de

130 1602 281 56 l’Académie
351 1602 281 56 française.
572 1602 121 56 L.
632 1602 161 56 aut.
733 1602 181 56 sig.,
854 1602 101 56 à
894 1602 161 56 M...
994 1602 161 56 Sans
1095 1602 181 56 date.
1215 1602 101 56 1
1256 1602 121 56 p.
1316 1602 181 56 in-8.
1436 1602 101 56 2
1457 1602 80 56 50

82 1650 177 83 2879.
200 1650 177 83 Le
318 1650 275 83 Nieps,
534 1650 137 83 ami
612 1650 118 83 de
671 1650 255 83 Voltaire.
868 1650 118 83 L.
926 1650 157 83 aut.
1025 1650 177 83 sig.,
1142 1650 98 83 à
1182 1650 118 83 M.
1241 1650 157 83 Guv,
1339 1650 118 83 au
1378 1650 157 83 temple

129 1708 132 66 du
195 1708 197 66 Goût,
326 1708 153 66 rue
414 1708 395 66 Saint-Jacques.
743 1708 132 66 Ce
809 1708 263 66 vendredi
1006 1708 132 66 15
1072 1708 175 66 nov.
1181 1708 197 66 1765.
1291 1708 241 66 Demi

-3 1748 1382 76 in-8.
919 1748 768 76 4
1072 1748 461 76 »

180 1782 120 93 Au
240 1782 179 93 sujet
360 1782 120 93 de
419 1782 239 93 Voltaire
599 1782 140 93 qui
679 1782 199 93 aurait
818 1782 140 93 été
898 1782 120 93 vu
958 1782 100 93 à
998 1782 179 93 Bâle,
1117 1782 120 93 et
1177 1782 140 93 que
1257 1782 160 93 l’on
1357 1782 140 93 dit
1416 1782 120 93 être

129 1846 111 71 à
151 1846 288 71 Strasbourg.

82 1860 198 96 2880.
214 1860 198 96 Le
346 1860 286 96 Sueur
567 1860 441 96 (Jean-François),
941 1860 242 96 célèbre
1117 1860 352 96 compositeur.
1404 1860 132 96 Né
1448 1860 88 96 au

130 1942 228 69 Plessiel
301 1942 360 69 (Somme).
604 1942 114 69 L.
661 1942 152 69 aut.
756 1942 171 69 sig.,
870 1942 95 69 à
908 1942 114 69 M.
965 1942 114 69 le
1022 1942 171 69 baron
1136 1942 114 69 de
1192 1942 114 69 la
1249 1942 190 69 Ferté.
1382 1942 114 69 15
1420 1942 114 69 nov.

104 1983 416 75 1821.
381 1983 231 75 1
473 1983 323 75 gr.
658 1983 277 75 p.
796 1983 323 75 pl.
981 1983 508 75 in-fol.
1350 1983 231 75 6
1397 1983 139 75 »

176 2030 247 64 Pétition
361 2030 164 64 pour
464 2030 226 64 obtenir
629 2030 123 64 le
690 2030 247 64 payement
875 2030 144 64 des
957 2030 288 64 spectacles
1184 2030 123 64 de
1245 2030 123 64 la
1307 2030 164 64 cour
1389 2030 144 64 faits

128 2082 154 66 par
216 2082 154 66 les
304 2082 286 66 musiciens
524 2082 132 66 de
590 2082 132 66 la
656 2082 264 66 chapelle
855 2082 132 66 du
921 2082 154 66 roi
1009 2082 110 66 à
1053 2082 308 66 l’occasion
1295 2082 132 66 du
1339 2082 198 66 baptême

129 2129 133 62 de
195 2129 133 62 S.
262 2129 133 62 A.
328 2129 133 62 R.
395 2129 177 62 Mgr.
505 2129 133 62 le
572 2129 155 62 duc
660 2129 133 62 de
704 2129 244 62 Bordeaux.

85 2164 181 84 2881.
206 2164 363 84 L’Etang
508 2164 141 84 (le
589 2164 222 84 général
750 2164 161 84 de).
851 2164 121 84 L.
911 2164 161 84 aut.
1012 2164 181 84 sig.,
1133 2164 121 84 au
1193 2164 222 84 colonel
1355 2164 202 84 Gazan,
1476 2164 60 84 à

120 2226 314 54 Paris.
339 2226 283 54 Oran,
528 2226 188 54 22
622 2226 220 54 mai
748 2226 283 54 1833.
936 2226 157 54 3
999 2226 188 54 p.
1093 2226 220 54 pl.
1219 2226 283 54 in-4.
1407 2226 157 54 4
1439 2226 94 54 »

174 2265 188 62 Mille
300 2265 356 62 circonstances
593 2265 188 62 l’ont
718 2265 230 62 empêché
886 2265 230 62 d’aller
1053 2265 126 62 en
1116 2265 209 62 congé:
1263 2265 272 62 l’arrivée
1451 2265 84 62 du

129 2324 235 61 général
300 2324 150 61 Des
385 2324 256 61 Michels,
577 2324 278 61 l’annonce
791 2324 128 61 du
855 2324 214 61 retour
1005 2324 150 61 des
1090 2324 214 61 Arabes
1240 2324 150 61 qui
1304 2324 235 61 voulaient

130 2378 231 52 enlever
298 2378 189 52 Oran,
424 2378 147 52 «et
508 2378 147 52 qui
592 2378 168 52 nous
697 2378 147 52 ont
781 2378 168 52 tenu
886 2378 168 52 leur
991 2378 231 52 parole,
1159 2378 105 52 à
1201 2378 336 52 l’enlèvement
1453 2378 84 52 de

130 2417 145 60 «la
213 2417 186 60 ville
337 2417 165 60 près
441 2417 165 60 (mon
544 2417 248 60 régiment
730 2417 165 60 n’en
834 2417 103 60 a
875 2417 145 60 pas
958 2417 186 60 moins
1082 2417 124 60 eu
1144 2417 207 60 encore
1289 2417 186 60 trois
1392 2417 145 60 offi-

130 2468 210 62 «ciers
277 2468 231 62 blessés
445 2468 126 62 et
508 2468 147 62 six
592 2468 273 62 chasseurs
802 2468 168 62 hors
907 2468 126 62 de
970 2468 252 62 combat);
1159 2468 273 62 plusieurs
1348 2468 189 62 sorties

127 2512 161 60 «où
219 2512 277 60 j’aurais
427 2512 161 60 été
519 2512 300 60 désespéré
750 2512 138 60 de
819 2512 138 60 ne
888 2512 161 60 pas
980 2512 138 60 me
1050 2512 277 60 trouver,
1257 2512 161 60 car
1349 2512 185 60 nous
1442 2512 92 60 ne

128 2561 259 71 «sommes
317 2561 188 71 plus
434 2561 141 71 au
505 2561 212 71 temps
646 2561 141 71 où
717 2561 141 71 la
787 2561 306 71 couardise
1022 2561 141 71 du
1093 2561 259 71 général
1281 2561 212 71 Boyer
1399 2561 141 71 nous

131 2605 245 74 «tenait
309 2605 267 74 enfermés
509 2605 178 74 dans
620 2605 133 74 la
664 2605 245 74 ville...»

84 2648 187 74 2882.
209 2648 353 74 Liéven
499 2648 166 74 (Mme
603 2648 124 74 la
665 2648 270 74 princesse
872 2648 166 74 de).
976 2648 124 74 L.
1038 2648 166 74 aut.
1142 2648 187 74 sig.,
1266 2648 104 74 à
1308 2648 166 74 M...
1391 2648 145 74 Lundi

111 2701 259 62 14
240 2701 345 62 août
456 2701 388 62 1843.
715 2701 216 62 1
801 2701 259 62 p.
931 2701 302 62 pl.
1103 2701 388 62 in-8.
1362 2701 216 62 3
1406 2701 129 62 »

83 2726 211 87 2883.
223 2726 234 87 Lit
387 2726 328 87 mnécanique
644 2726 187 87 pour
761 2726 164 87 les
855 2726 375 87 malades
1159 2726 258 87 Rapport
1323 2726 211 87 adressé

131 2804 128 68 au
195 2804 193 68 doyen
323 2804 128 68 de
387 2804 128 68 la
452 2804 235 68 Faculté
623 2804 128 68 de
687 2804 257 68 médecine
880 2804 128 68 de
944 2804 193 68 Paris
1072 2804 150 68 sur
1158 2804 128 68 un
1222 2804 150 68 lit
1286 2804 257 68 mécanique
