1644 2656
841 241 84 64 2

390 286 142 82 123.
479 286 374 82 BILLAUD-VARENNES,
799 286 178 82 membre
924 286 107 82 de
977 286 107 82 la
1031 286 249 82 convention
1209 286 213 82 nationale.

512 347 212 39 Despotisme
678 347 106 39 des
739 347 197 39 ministres
890 347 91 39 de
935 347 166 39 France,
1056 347 91 39 ou
1102 347 212 39 exposition
1268 347 106 39 des
1313 347 106 39 prin-

513 378 139 47 cipes
605 378 93 47 et
652 378 155 47 moyens
760 378 186 47 employés
899 378 108 47 par
961 378 278 47 l’aristocratie
1193 378 124 47 pour
1270 378 155 47 mettre
1363 378 62 47 la

517 413 149 42 France
621 413 119 42 dans
695 413 104 42 les
755 413 134 42 fers.
844 413 312 42 Amsterdam
1111 413 134 42 1789,
1200 413 74 42 3
1230 413 119 42 in-8
1304 413 104 42 br.
1364 413 74 42 6
1378 413 45 42 »

391 443 125 58 124
462 443 196 58 BRISSOT
605 443 249 58 (Jacques),
801 443 178 58 membré
925 443 107 58 de
979 443 107 58 la
1032 443 249 58 convention
1210 443 214 58 nationale.

515 486 176 38 Rapport
643 486 112 38 sur
707 486 96 38 le
755 486 256 38 gouvernement
963 486 256 38 britannique,
1170 486 112 38 sur
1234 486 96 38 la
1266 486 160 38 négocia-

515 526 118 41 tion
589 526 118 41 avec
662 526 162 41 Genève,
780 526 88 41 et
824 526 132 41 trois
912 526 147 41 autres
1015 526 191 41 rapports,
1162 526 103 41 six
1221 526 176 41 discours
1339 526 88 41 pro-

518 562 145 40 noncés
619 562 101 40 aux
677 562 188 40 Jacobins,
821 562 130 40 trois
908 562 145 40 autres
1009 562 188 40 discours,
1153 562 159 40 Brissot
1269 562 72 40 à
1298 562 116 40 tous
1356 562 72 40 les

516 589 221 47 républicains,
698 589 65 47 à
724 589 104 47 tous
789 589 91 47 les
841 589 208 47 libellistes,
1010 589 130 47 précis
1101 589 130 47 contre
1192 589 221 47 Bexon
1361 589 65 47 ré-

515 625 159 44 pliques
630 625 72 44 à
659 625 159 44 Gouy
775 625 217 44 d’Arcy
948 625 72 44 à
977 625 188 44 Théveneau
1122 625 87 44 de
1165 625 173 44 Morande,
1295 625 145 44 lettre
1382 625 43 44 à

521 660 173 42 Barnave,
650 660 173 42 recueils
780 660 173 42 d’écrits
909 660 173 42 extraits
1039 660 86 42 du
1082 660 173 42 Patriote
1212 660 187 42 français,
1342 660 86 42 Rome

514 695 150 50 jugée,
619 695 90 50 sa
664 695 105 50 vie
724 695 150 50 privée
829 695 90 50 et
874 695 210 50 politique,
1038 695 90 50 an
1083 695 105 50 II,
1143 695 105 50 etc
1203 695 90 50 En
1248 695 120 50 tout
1308 695 120 50 vingt.

511 725 174 51 sept
620 725 218 51 pièces
773 725 174 51 in-8
881 725 174 51 br.,
990 725 152 51 une
1078 725 196 51 seule
1208 725 174 51 rog.
1317 725 131 51 12
1361 725 65 51 »

395 766 125 51 125.
474 766 172 51 CARRIER
599 766 110 51 (J.
661 766 125 51 B.),
740 766 282 51 conventionnel,
974 766 94 51 et
1021 766 94 51 le
1068 766 156 51 comité
1162 766 266 51 révolutionnaire

519 801 91 41 de
564 801 167 41 Nantes.
686 801 167 41 Rapport
807 801 106 41 sur
867 801 106 41 les
928 801 227 41 différentes
1110 801 182 41 missions
1246 801 106 41 qui
1307 801 106 41 lui
1352 801 76 41 ont

516 843 110 35 été
579 843 205 35 déléguées
737 843 126 35 avec
816 843 95 35 la
863 843 158 35 suite,
973 843 173 35 rapport
1099 843 95 35 de
1146 843 95 35 la
1194 843 221 35 commission
1351 843 79 35 des

520 877 134 43 vingt
610 877 90 43 et
654 877 90 43 un
699 877 119 43 pour
774 877 179 43 examiner
908 877 90 43 sa
953 877 194 43 conduite,
1102 877 119 43 avec
1177 877 105 43 les
1237 877 149 43 pièces
1326 877 105 43 remi-

519 907 103 46 ses
578 907 103 46 par
637 907 132 46 cette
725 907 221 46 commission,
902 907 118 46 acte
975 907 250 46 d’accusâtion,
1181 907 147 46 motifs
1284 907 88 46 de
1313 907 118 46 l’acte

518 945 246 42 d’accusation,
720 945 130 42 appel
807 945 174 42 nominal,
938 945 174 42 noyades,
1068 945 217 42 fusillades,
1242 945 101 42 les
1285 945 145 42 noyades,

518 977 118 48 plus
592 977 88 48 de
636 977 177 48 noyades,
769 977 74 48 à
798 977 103 48 bas
857 977 88 48 la
901 977 118 48 tête
975 977 88 48 de
1019 977 177 48 Carrier,
1151 977 147 48 lettre
1254 977 88 48 du
1284 977 147 48 sensible

517 1018 168 41 Carrier
639 1018 91 41 au
684 1018 229 41 bienfaisant
867 1018 320 41 Collot-d’Herbois,
1141 1018 152 41 adieux
1248 1018 91 41 de
1279 1018 152 41 Carrier,

521 1051 201 39 dernières
675 1051 201 39 volontés,
830 1051 278 39 justification,
1061 1051 93 39 le
1108 1051 185 39 rempart,
1247 1051 93 39 la
1293 1051 139 39 queue
1370 1051 62 39 de

520 1082 180 48 Carrier,
655 1082 90 48 on
700 1082 120 48 veut
774 1082 150 48 sauver
879 1082 180 48 Carrier,
1014 1082 165 48 oraison
1134 1082 165 48 funèbre
1253 1082 90 48 de
1283 1082 150 48 Carrier,

524 1118 144 47 places
625 1118 72 47 à
653 1118 130 47 louer
740 1118 115 47 pour
812 1118 115 47 voir
884 1118 144 47 passer
985 1118 159 47 Carrier
1100 1118 87 47 le
1144 1118 115 47 jour
1216 1118 87 47 où
1259 1118 87 47 il
1302 1118 101 47 ira
1360 1118 72 47 à
1374 1118 58 47 la

521 1160 224 46 guillotine,
700 1160 164 46 Carrier
819 1160 75 46 a
849 1160 179 46 commencé
983 1160 89 46 la
1028 1160 164 46 marche,
1147 1160 164 46 suivez,
1251 1160 179 46 Messieurs,

522 1191 212 44 plaidoyer
685 1191 98 44 de
733 1191 342 44 Tronson-Ducoudray
1027 1191 130 44 dans
1108 1191 212 44 l’affaire
1271 1191 98 44 du
1304 1191 130 44 comité

521 1231 90 45 de
566 1231 150 45 Nantes
671 1231 90 45 et
715 1231 120 45 onze
790 1231 150 45 autres
895 1231 150 45 pièces
999 1231 105 45 sur
1059 1231 90 45 ce
1104 1231 164 45 dernier
1224 1231 150 45 comité
1328 1231 90 45 et
1358 1231 75 45 sur

517 1257 244 41 Carrier.
699 1257 122 41 En
760 1257 162 41 tout
862 1257 203 41 trente
1004 1257 203 41 pièces
1146 1257 162 41 in-8
1247 1257 142 41 br.
1329 1257 122 41 22
1369 1257 61 41 »

404 1290 125 53 126.
483 1290 156 53 CAUSES
592 1290 94 53 de
639 1290 94 53 la
686 1290 156 53 guerre
795 1290 94 53 de
842 1290 94 53 la
889 1290 156 53 Vendée
998 1290 94 53 et
1045 1290 109 53 des
1108 1290 188 53 Chouans,
1248 1290 94 53 et
1280 1290 156 53 l’amnis

525 1333 94 39 tie
578 1333 160 39 manquée,
698 1333 94 39 par
752 1333 80 39 J.
792 1333 80 39 A.
832 1333 160 39 Vial.
952 1333 200 39 Angers
1112 1333 80 39 an
1152 1333 107 39 III,
1219 1333 107 39 in-8
1286 1333 94 39 br.
1326 1333 107 39 (rare,

510 1364 244 39 léger
673 1364 434 39 raccommodage
1026 1364 163 39 au
1107 1364 299 39 titre).
1324 1364 136 39 3
1352 1364 81 39 »

403 1396 133 57 127.
487 1396 233 57 CONDUCTEUR
670 1396 133 57 (le)
753 1396 100 57 de
803 1396 233 57 l’étranger
986 1396 83 57 à
1020 1396 150 57 Lyon,
1120 1396 100 57 ou
1170 1396 250 57 description
1353 1396 83 57 des

525 1438 214 40 curiosités,
696 1438 128 40 etc.,
781 1438 100 40 par
838 1438 214 40 Chambet.
1009 1438 185 40 Lyon
1152 1438 128 40 1815,
1237 1438 114 40 in-8
1309 1438 100 40 br.
1366 1438 71 40 1
1380 1438 57 40 25

406 1465 113 68 128.
476 1465 141 68 CRIMES
575 1465 99 68 des
631 1465 169 68 Jacobins
758 1465 70 68 à
787 1465 127 68 Lyon,
871 1465 85 68 de
913 1465 113 68 1792
984 1465 70 68 à
1012 1465 113 68 l’an
1083 1465 99 68 II,
1139 1465 99 68 par
1181 1465 254 68 Maurille

522 1507 275 45 Lyon
746 1507 155 45 1801,
849 1507 172 45 in-12,
969 1507 155 45 fig.,
1073 1507 241 45 demi-rel.,
1262 1507 155 45 veau.
1365 1507 86 45 4
1382 1507 52 45 »

404 1540 135 47 129.
489 1540 152 47 DEBRY
590 1540 186 47 (Jean),
726 1540 169 47 membre
844 1540 102 47 de
895 1540 102 47 la
945 1540 254 47 convention.
1148 1540 203 47 Rapports
1301 1540 118 47 sur
1351 1540 85 47 les

527 1577 205 38 étrangers,
689 1577 103 38 sur
747 1577 103 38 les
806 1577 234 38 institutions
996 1577 264 38 républicaines,
1216 1577 103 38 sur
1275 1577 88 38 la
1319 1577 117 38 fête
1377 1577 59 38 en

526 1611 209 38 l’hionneur
690 1611 90 38 du
735 1611 164 38 général
855 1611 149 38 Hoche,
959 1611 105 38 sur
1019 1611 209 38 Lafayette,
1183 1611 119 38 cinq
1258 1611 179 38 discours
1377 1611 60 38 et

526 1648 125 42 deux
605 1648 172 42 motions
730 1648 110 42 sur
793 1648 204 42 différens
949 1648 172 42 sujets.
1075 1648 94 42 13
1122 1648 157 42 pièces
1231 1648 94 42 in
1278 1648 78 42 8
1310 1648 110 42 br.
1372 1648 78 42 4
1388 1648 47 42 »

403 1674 131 54 130.
485 1674 180 54 DÉFENSE
616 1674 197 54 d’Ancône
763 1674 98 54 et
813 1674 115 54 des
878 1674 246 54 départemens
1075 1674 197 54 romains,
1223 1674 115 54 par
1288 1674 98 54 le
1321 1674 115 54 géné-

528 1719 87 40 ral
577 1719 237 40 Monnier
777 1719 125 40 auteur
864 1719 212 40 Mangourit.
1038 1719 174 40 Paris
1175 1719 112 40 1802,
1250 1719 112 40 in-8,
1312 1719 125 40 figures,

526 1752 83 41 2
560 1752 132 41 vol.
642 1752 99 41 en
692 1752 99 41 un
742 1752 149 41 seul,
841 1752 132 41 rel.
924 1752 132 41 bas.
1007 1752 182 41 (manque
1139 1752 99 41 le
1189 1752 232 41 portrait).
1371 1752 83 41 3
1387 1752 50 41 »

403 1782 133 61 131.
487 1782 233 61 DESMOULINS
670 1782 233 61 (Camille),
853 1782 167 61 membre
970 1782 100 61 de
1020 1782 100 61 la
1070 1782 233 61 convention
1237 1782 200 61 nationale.

528 1824 90 40 La
573 1824 150 40 France
678 1824 150 40 libre,
782 1824 179 40 discours
917 1824 90 40 de
962 1824 90 40 la
1006 1824 194 40 lanterne,
1156 1824 179 40 fragment
1291 1824 90 40 de
1320 1824 120 40 l’his-

535 1860 125 36 toire
618 1860 153 36 secrète
730 1860 83 36 de
771 1860 83 36 la
813 1860 208 36 révolution,
980 1860 83 36 ou
1021 1860 167 36 histoire
1146 1860 97 36 des
1202 1860 208 36 Brissotins,
1355 1860 83 36 let-

530 1896 106 41 tre
590 1896 76 41 à
621 1896 152 41 Arthur
727 1896 167 41 Dillon,
848 1896 227 41 réclamation
1030 1896 91 41 en
1075 1896 152 41 faveur
1181 1896 91 41 de
1212 1896 227 41 Saint

530 1930 191 59 discours
673 1930 112 59 aux
737 1930 207 59 Jacobins,
896 1930 96 59 et
944 1930 175 59 l’ombre
1072 1930 96 59 de
1119 1930 175 59 Camille
1231 1930 207 59 Desmoulins.

519 1966 136 38 8
573 1966 271 38 pièces
763 1966 244 38 in-8,
926 1966 217 38 dont
1061 1966 190 38 une
1170 1966 244 38 rogn.
1333 1966 136 38 6
1360 1966 81 38 »

406 1989 133 49 132.
490 1989 267 49 DICTIONNAIRE
706 1989 183 49 spécial
840 1989 100 49 et
890 1989 217 49 classique
1057 1989 117 49 des
1123 1989 217 49 monnaies,
1290 1989 150 49 poids
1373 1989 67 49 et

529 2038 152 44 mesures
640 2038 111 44 chez
709 2038 97 44 les
764 2038 152 44 Girecs,
875 2038 97 44 les
930 2038 166 44 Romains,
1054 2038 97 44 les
1109 2038 124 44 Juifs
1192 2038 83 44 et
1234 2038 97 44 les
1275 2038 166 44 Egyptiens,

530 2071 95 40 par
585 2071 176 40 Girod.
720 2071 258 40 Paris-Lyon
938 2071 122 40 1827,
1019 2071 109 40 in-8
1087 2071 95 40 br.
1141 2071 122 40 (avec
1223 2071 122 40 envoi
1304 2071 122 40 a.s.)
1386 2071 68 40 2
1399 2071 41 40 »

406 2103 117 50 133.
479 2103 175 50 DISCOURS
611 2103 88 50 de
654 2103 175 50 Benjamin
786 2103 233 50 Constant.
975 2103 204 50 Paris
1136 2103 73 50 2
1165 2103 131 50 in-8,
1252 2103 160 50 portr.,
1354 2103 88 50 fac

486 2145 656 35 simile,
964 2145 418 35 br.
1202 2145 298 35 4
1262 2145 179 35 »

395 2163 109 54 134.
463 2163 163 54 DISCOURS
586 2163 82 54 de
626 2163 150 54 Camille
735 2163 231 54 Jordan
926 2163 163 54 précédés
1048 2163 82 54 de
1089 2163 95 54 son
1144 2163 122 54 éloge
1225 2163 95 54 par
1266 2163 177 54 Bal

531 2208 203 46 lanche.
690 2208 203 46 Paris
849 2208 130 46 1826,
936 2208 130 46 in-8,
1023 2208 159 46 portr.,
1139 2208 101 46 fac
1197 2208 159 46 simile,
1313 2208 101 46 br.
1371 2208 72 46 1
1385 2208 58 46 50

407 2240 115 51 135.
479 2240 173 51 DISCOURS
608 2240 87 51 du
652 2240 159 51 général
767 2240 159 51 Foy.
883 2240 202 51 Paris
1041 2240 130 51 1826,
1128 2240 72 51 2
1157 2240 130 51 in-8,
1243 2240 144 51 portr.
1344 2240 87 51 et
1373 2240 72 51 fac

485 2279 656 42 simile,
963 2279 418 42 br.
1201 2279 298 42 4
1261 2279 179 42 »

410 2313 115 54 136.
481 2313 172 54 DISCOURS
611 2313 86 54 et
654 2313 172 54 mémoires
783 2313 86 54 de
826 2313 187 54 Stanislas
969 2313 273 54 Girardin.
1199 2313 201 54 Paris
1343 2313 100 54 1828,

482 2349 300 66 4
602 2349 539 66 in-8,
962 2349 420 66 br.
1201 2349 300 66 5
1261 2349 180 66 »
