1912 2915
524 -2 89 56 —
560 -2 89 56 4
578 -2 53 56 —

98 47 135 51 7909.
188 47 165 51 DOUMERC
308 47 241 51 (Jean-Pierre
504 47 165 51 comte),
624 47 165 51 célèbre
744 47 165 51 général
865 47 90 51 de
895 47 180 51 cavalerie.

116 90 112 39 L.
190 90 75 39 a.
227 90 124 39 s.
314 90 112 39 armée
389 90 75 39 du
426 90 112 39 nord,
501 90 75 39 an
538 90 99 39 III,
600 90 62 39 3
625 90 75 39 p.
662 90 87 39 pl.
712 90 112 39 in-4,
787 90 112 39 belle
861 90 162 39 vignette.
985 90 62 39 3
998 90 37 39 »

121 115 125 52 Belle
204 115 139 52 lettre
301 115 111 52 dans
371 115 166 52 laquelle
496 115 83 52 il
537 115 111 52 fait
607 115 83 52 le
648 115 125 52 récit
731 115 83 52 de
773 115 83 52 la
815 115 222 52 capitulation
995 115 83 52 de
1023 115 55 52 la

116 154 129 46 ville
202 154 86 46 de
230 154 201 46 Bois

111 189 113 52 7910.
187 189 163 52 DUBOCCAGE
312 189 100 52 (Mme
375 189 151 52 Lepage),
488 189 126 52 poète.
576 189 126 52 Billet
664 189 75 52 de
701 189 75 52 12
739 189 138 52 lignes,
840 189 113 52 a.
915 189 75 52 s.
952 189 63 52 s
965 189 113 52 d.

141 224 72 47 1.
177 224 72 47 p.
213 224 108 47 in-18
285 224 72 47 en
322 224 144 47 travers.
430 224 60 47 3
442 224 48 47 50

108 236 112 71 7911.
182 236 112 71 DUMAS
257 236 199 71 (Alexandre),
418 236 162 71 romancier
543 236 75 71 et
580 236 124 71 auteur
667 236 186 71 dramatique.
816 236 112 71 L.
891 236 75 71 a.
928 236 124 71 s.
1015 236 62 71 1
1027 236 50 71 p.

121 292 59 39 1/2
154 292 75 39 in-8.
204 292 42 39 2
213 292 25 39 »

105 320 117 47 7912.
183 320 194 47 DUPLANTIER,
338 320 130 47 député
429 320 78 47 de
468 320 78 47 la
507 320 143 47 Gironde
610 320 65 47 à
636 320 78 47 la
675 320 194 47 Convention.
831 320 117 47 L.
909 320 78 47 a.
947 320 130 47 s.
1025 320 52 47 au

108 354 194 57 directeur
257 354 164 57 Merlin.
376 354 149 57 Paris,
481 354 89 57 27
525 354 179 57 brumaire
660 354 89 57 an
704 354 119 57 VII,
779 354 75 57 1
809 354 89 57 p.
853 354 104 57 1/2
913 354 134 57 in-4.
1002 354 75 57 3
1017 354 60 57 50

142 384 88 49 Il
186 384 118 49 rend
260 384 147 49 compte
363 384 103 49 des
422 384 191 49 désordres
569 384 103 49 qui
628 384 103 49 ont
687 384 88 49 eu
731 384 118 49 lieu
804 384 74 49 à
834 384 177 49 Bordeaux
966 384 88 49 et
995 384 74 49 de-

111 429 147 44 mande
209 429 115 44 des
274 429 197 44 renforts
422 429 131 44 pour
504 429 197 44 prévenir
651 429 115 44 les
717 429 197 44 nouveaux
864 429 197 44 complots
995 429 82 44 des

112 458 260 52 royalistes...
326 458 107 52 Ces
387 458 183 52 brigands
524 458 214 52 paraissent
692 458 168 52 vouloir
814 458 168 52 mettre,
937 458 137 52 comme
1013 458 61 52 en

115 497 111 43 l’an
185 497 83 43 v,
226 497 222 43 l’assassinat
407 497 69 43 à
434 497 153 43 l’ordre
545 497 83 43 du
573 497 125 43 jour...

111 517 135 69 7913.
201 517 210 69 DUQUESNOY,
366 517 150 69 député
471 517 90 69 du
516 517 255 69 Pas-de-Calais
726 517 75 69 à
756 517 90 69 la
801 517 225 69 Convention.
966 517 120 69 Arrêté

109 566 122 45 a.
191 566 135 45 s.
285 566 149 45 portant
393 566 95 45 que
447 566 108 45 tous
515 566 95 45 les
569 566 162 45 citoyens
690 566 81 45 du
731 566 149 45 Quesnoy
839 566 189 45 convaincus
987 566 81 45 de
1014 566 68 45 re-

112 606 151 46 cevoir
217 606 121 46 chez
293 606 105 46 eux
353 606 105 46 des
413 606 241 46 aristocrates
609 606 90 46 ou
654 606 105 46 des
714 606 181 46 émigrés,
850 606 151 46 séront
940 606 136 46 réputés

116 639 181 49 omplices
252 639 105 49 des
312 639 151 49 crimes
417 639 121 49 dont
493 639 105 49 ces
553 639 181 49 denriers
688 639 211 49 pourraient
854 639 121 49 être
914 639 166 49 prévenus,

107 689 93 43 et
153 689 139 43 punis
245 689 139 43 comme
338 689 139 43 tels.
431 689 93 43 Au
477 689 185 43 Quesnoy,
616 689 93 43 an
662 689 108 43 II,
724 689 108 43 3/4
786 689 93 43 de
832 689 93 43 p.
878 689 170 43 in-fol.
1002 689 77 43 4
1017 689 62 43 50

112 720 109 48 7914.
184 720 121 48 EMERIC
269 720 145 48 (David),
378 720 73 48 de
414 720 169 48 l’Académie
547 720 85 48 des
595 720 206 48 inscriptions,
765 720 73 48 né
801 720 60 48 à
825 720 97 48 Aix.
886 720 109 48 L.
958 720 73 48 a.
982 720 97 48 s.

110 746 96 48 aux
165 746 233 48 conservateurs
357 746 82 48 de
398 746 82 48 la
439 746 219 48 Bibliothèque
617 746 192 48 impériale.
767 746 123 48 L.
849 746 82 48 a.
890 746 137 48 s.
972 746 96 48 1813,

113 787 53 46 2
135 787 64 46 p.
167 787 75 46 pl.
209 787 96 46 in-4.
274 787 53 46 2
284 787 43 46 50

114 803 114 64 7915.
190 803 152 64 FONTANES
304 803 89 64 (le
355 803 114 64 comte
431 803 101 64 de),
494 803 114 64 grand
570 803 127 64 maître
659 803 76 64 de
697 803 215 64 l’Université.
874 803 114 64 L.
950 803 76 64 a.
976 803 101 64 s

106 851 85 54 au
148 851 184 54 président
290 851 85 54 du
332 851 127 54 Lycée
417 851 99 54 des
474 851 127 54 arts,
559 851 71 54 1
587 851 85 54 p.
629 851 99 54 1/2
686 851 127 54 in-4,
771 851 198 54 très-jolie
927 851 141 54 lettre
1011 851 57 54 de

107 903 242 35 remerciments
304 903 106 35 des
364 903 166 35 marques
485 903 197 35 d’intérêt
636 903 106 35 qui
697 903 106 35 lui
757 903 106 35 ont
818 903 106 35 été
878 903 166 35 données
984 903 91 35 pen-

118 928 91 42 dant
174 928 68 42 sa
209 928 159 42 captivité.
334 928 57 42 4
345 928 34 42 »

112 951 95 54 7916.
176 951 64 54 Le
208 951 95 54 même.
271 951 95 54 L.
335 951 64 54 a.
367 951 106 54 s.
441 951 64 54 au
472 951 95 54 même,
536 951 53 54 1
557 951 64 54 p.
589 951 95 54 in-4,
652 951 95 54 jolie
716 951 116 54 lettre.
801 951 53 54 3
811 951 32 54 »

112 988 101 71 7917.
179 988 123 71 GEORGES
269 988 123 71 (Mlle),
359 988 123 71 célèbre
448 988 180 71 tragédienne.
594 988 101 71 L.
662 988 67 71 a.
695 988 112 71 s.
774 988 56 71 à
796 988 67 71 J.
830 988 112 71 Janin.
908 988 67 71 1.
931 988 56 71 pl.

119 1037 70 43 in-8.
166 1037 39 43 2
174 1037 23 43 »

117 1059 104 54 7918.
187 1059 127 54 GROSLEY
279 1059 207 54 (Pierre-Jean),
452 1059 115 54 avocat
532 1059 69 54 et
567 1059 173 54 littérateur
705 1059 173 54 champenois,
843 1059 104 54 L.
901 1059 92 54 a.

118 1104 102 50 s.
185 1104 135 50 Grosley,
287 1104 102 50 grand
355 1104 102 50 maire
422 1104 68 50 de
456 1104 214 50 Saint-Loup
637 1104 56 50 à
659 1104 68 50 M.
693 1104 124 50 Bonamy,
784 1104 102 50 s.
851 1104 124 50 d.
942 1104 56 50 1
953 1104 45 50 p.

118 1141 99 50 in-4,
184 1141 143 50 curieuse.
294 1141 55 50 3
305 1141 33 50 »

112 1165 123 54 7919.
195 1165 164 54 HARDOUIN
318 1165 82 54 DE
359 1165 178 54 PEREFIXE,
496 1165 206 54 liistorien,
660 1165 192 54 précepteur
811 1165 82 54 de
852 1165 123 54 Louis
921 1165 82 54 XIV,

110 1211 83 45 de
152 1211 194 45 l’Académie
304 1211 194 45 française.
457 1211 139 45 Petite
554 1211 125 45 pièce
638 1211 111 45 sig.
707 1211 97 45 sur
763 1211 139 45 vélin,
860 1211 83 45 26
901 1211 125 45 avril
971 1211 97 45 1666.

1000 1247 47 38 3
1009 1247 28 38 »

110 1272 136 51 7920.
201 1272 121 51 JEAN
277 1272 106 51 BON
337 1272 243 51 SAINT-ANDRÉ,
534 1272 152 51 membre
640 1272 91 51 de
686 1272 91 51 la
731 1272 212 51 Convention
883 1272 182 51 nationale.

106 1316 117 40 L.
184 1316 78 40 a.
223 1316 130 40 s.
315 1316 78 40 au
354 1316 196 40 commissaire
510 1316 78 40 de
549 1316 78 40 la
588 1316 143 40 marine,
693 1316 104 40 port
758 1316 78 40 de
797 1316 78 40 la
836 1316 170 40 Montagne,
967 1316 78 40 an
993 1316 78 40 III,

113 1348 70 42 2
141 1348 85 42 p.
183 1348 169 42 in-fol.,
310 1348 113 42 tête
381 1348 113 42 imp.
451 1348 85 42 et
493 1348 183 42 vignette.
634 1348 85 42 Il
676 1348 85 42 se
719 1348 141 42 plaint
817 1348 85 42 du
860 1348 99 42 peu
916 1348 85 42 de
958 1348 113 42 zèle
1015 1348 56 42 et

104 1389 83 48 dé
146 1389 138 48 savoir
242 1389 83 48 du
283 1389 151 48 citoyen
393 1389 234 48 Leroy
586 1389 124 48 agent
669 1389 179 48 maritime,
806 1389 83 48 et
848 1389 151 48 annonce
958 1389 124 48 qu’il
1027 1389 41 48 a

111 1421 108 49 nommé
183 1421 96 49 pour
243 1421 72 49 le
279 1421 156 49 remplacer
399 1421 72 49 le
435 1421 132 49 citoyen
532 1421 228 49 Forfait
724 1421 60 49 4
736 1421 36 49 »

107 1463 109 40 7921.
180 1463 97 40 KOCK
240 1463 194 40 (Ch.-Guil.),
398 1463 146 40 écrivain
508 1463 170 40 distingué,
641 1463 182 40 legislateur
787 1463 73 40 et
823 1463 134 40 tribun.
920 1463 109 40 L.
981 1463 85 40 a

112 1498 152 37 s.
229 1498 176 37 Strasbourg,
370 1498 105 37 1780,
440 1498 59 37 3
464 1498 70 37 p.
499 1498 82 37 pl.
546 1498 105 37 in-4,
616 1498 129 37 détails
709 1498 246 37 bibliographiques.
920 1498 59 37 2
932 1498 35 37 »

114 1525 110 46 7922.
187 1525 98 46 KOCK
249 1525 110 46 (Paul
322 1525 98 46 de),
383 1525 159 46 romancier
506 1525 135 46 fécond.
604 1525 110 46 L.
678 1525 74 46 a.
714 1525 123 46 s.
800 1525 110 46 1856,
874 1525 61 46 1
898 1525 74 46 p.
935 1525 110 46 in-8.
1009 1525 61 46 1
1021 1525 49 46 75

110 1559 110 44 7923.
183 1559 135 44 KLEBER.
281 1559 147 44 (J.-B.),
391 1559 135 44 général
489 1559 73 44 en
526 1559 98 44 chef
587 1559 73 44 de
623 1559 135 44 l’armée
721 1559 159 44 d’Egypte.
844 1559 110 44 L.
917 1559 73 44 a.
954 1559 122 44 s.
1027 1559 49 44 au

114 1592 161 53 général
232 1592 161 53 Buquet,
349 1592 103 53 1/2
407 1592 88 53 p.
451 1592 161 53 in-fol.
569 1592 88 53 Il
613 1592 161 53 ordonne
730 1592 88 53 de
774 1592 132 53 faire
862 1592 191 53 rectifier
994 1592 73 53 une

107 1636 151 41 erreur
213 1636 121 41 dans
288 1636 91 41 un
333 1636 181 41 rapport,
469 1636 166 41 attendu
590 1636 121 41 que,
665 1636 91 41 de
711 1636 151 41 l’aveu
816 1636 106 41 des
877 1636 181 41 ennemis,
998 1636 75 41 ils

111 1673 89 41 ont
162 1673 114 41 perdu
238 1673 76 41 2,
276 1673 89 41 400
326 1673 139 41 hommes.
428 1673 63 41 5
440 1673 51 41 50

100 1702 135 45 7924.
190 1702 180 45 LABANOFF
325 1702 90 45 DE
370 1702 165 45 ROSTOCK
490 1702 105 45 (le
550 1702 150 45 prince
654 1702 120 45 de),
729 1702 165 45 éditeur
849 1702 105 45 des
909 1702 165 45 lettres
1014 1702 60 45 de

108 1738 117 47 Marie
186 1738 143 47 Stuart.
289 1738 117 47 L.
367 1738 78 47 a.
406 1738 130 47 s.
497 1738 272 47 Saint-Petersbourg
730 1738 117 47 1816,
808 1738 65 47 3
834 1738 78 47 p.
873 1738 91 47 1/2
924 1738 117 47 in-8.
1002 1738 65 47 2
1015 1738 52 47 50

109 1782 117 51 7925.
187 1782 181 51 LACORDAIRE
329 1782 117 51 (H.),
407 1782 143 51 célèbre
511 1782 207 51 prédicateur.
679 1782 117 51 L.
757 1782 78 51 a.
796 1782 130 51 s.
887 1782 65 51 à
912 1782 78 51 M.
938 1782 130 51 Gautier,

107 1820 144 43 ancien
207 1820 159 43 avocat,
323 1820 130 43 Paris
409 1820 86 43 16
452 1820 101 43 mai
510 1820 130 43 1835,
597 1820 72 43 2
625 1820 86 43 p.
669 1820 101 43 3/4
726 1820 130 43 in-4;
813 1820 202 43 très-belle
957 1820 115 43 lettre

104 1849 96 47 de
152 1849 271 47 remerciments,
375 1849 96 47 en
423 1849 175 47 réponse
551 1849 112 47 aux
614 1849 191 47 conseils
758 1849 112 47 qui
822 1849 112 47 lui
886 1849 175 47 avaient
997 1849 80 47 été

105 1890 124 40 donnés
191 1890 87 40 sur
241 1890 111 40 l’art
315 1890 74 40 de
352 1890 148 40 prêcher.
463 1890 62 40 5
476 1890 49 40 50

101 1933 108 35 7926.
173 1933 132 35 LACOSTE
269 1933 132 35 (J.-B.)
366 1933 120 35 député
450 1933 72 35 du
486 1933 120 35 Cantal
570 1933 60 35 à
595 1933 72 35 la
631 1933 181 35 Convention.
775 1933 108 35 Pièce
847 1933 108 35 a.
920 1933 120 35 s.
992 1933 84 35 comme

108 1964 260 38 représentant
319 1964 81 38 à
352 1964 179 38 l’armée
482 1964 98 38 du
531 1964 146 38 Nord,
629 1964 81 38 9
661 1964 212 38 fructidor
824 1964 98 38 an
873 1964 98 38 II
922 1964 114 38 1/2
970 1964 98 38 page

111 1999 119 44 in-fol.
198 1999 119 44 Cachet.
285 1999 54 44 4
296 1999 43 44 50

136 2033 92 46 Il
182 2033 184 46 requiert
319 2033 92 46 le
365 2033 168 46 général
488 2033 168 46 Scherer
610 2033 92 46 de
656 2033 153 46 donner
763 2033 107 46 les
824 2033 153 46 ordres
931 2033 107 46 les
977 2033 92 46 plus

113 2071 162 39 prompts
231 2071 118 39 pour
305 2071 103 39 que
364 2071 118 39 tous
438 2071 103 39 les
497 2071 192 39 individus
645 2071 148 39 sortis
748 2071 148 39 depuis
852 2071 118 39 hier
925 2071 89 39 de
955 2071 118 39 Valen-

111 2100 187 51 ciennes,
252 2100 156 51 soient
361 2100 171 51 arrêtés
485 2100 93 51 et
532 2100 156 51 amenés
641 2100 156 51 devant
750 2100 109 51 les
812 2100 265 51 représentants
1015 2100 62 51 du

82 2145 147 49 peuple.
