1232 2048
-2 42 625 102 LETTRES
445 42 758 102 AUTOGRAPHES

235 128 178 94 ET
324 128 385 94 DOCUMENTS
591 128 385 94 HISTORIQUES

124 219 222 91 MAISON
279 219 222 91 FONDÉE
435 219 133 91 EN
501 219 178 91 1830
613 219 156 91 PAR
701 219 133 91 J.
768 219 267 91 CHARAVAY
946 219 133 91 AINÉ

480 299 102 90 et
531 299 188 90 dirigée
651 299 85 90 par

246 380 279 102 ÉTIENNE
449 380 304 102 CHARAVAY
677 380 203 102 FILS
804 380 152 102 ET
855 380 101 102 S.

91 482 314 60 ARCHIVISTE
337 482 359 60 PALÉOGRAPHE,
629 482 224 60 EXPERT
786 482 135 60 EN
831 482 291 60 AUTOGRAPHES

292 518 118 98 A
340 518 235 98 Paris,
504 518 165 98 rue
598 518 141 98 de
669 518 235 98 Seine,
810 518 94 98 51

73 600 421 85 CORRESPONDANT
420 600 272 85 SPÉCIAL
618 600 124 85 A
668 600 297 85 LONDRES:
890 600 149 85 F.
940 600 198 85 NAYLOR

353 672 101 56 4,
404 672 185 56 Milmann
538 672 185 56 street,
672 672 185 56 Bedford
790 672 84 56 Row

-1 720 153 66 ACHAT
101 720 102 66 DE
152 720 255 66 COLLECTIONS
356 720 289 66 D’AUTOGRAPHES
594 720 102 66 AU
645 720 221 66 COMPTANT;
815 720 221 66 ÉCHANGES;
968 720 221 66 COMMISSIONS

47 769 172 64 VENTES
167 769 224 64 PUBLIQUES
340 769 103 64 ET
391 769 86 64 A
426 769 241 64 L’AMIABLE;
615 769 224 64 RÉDACTION
787 769 103 64 DE
839 769 258 64 CATALOGUES;
1028 769 138 64 COPIES

109 821 239 52 CERTIFIÉES
297 821 102 52 DE
348 821 205 52 CHARTES,
502 821 222 52 DOCUMENTS
672 821 102 52 ET
724 821 273 52 AUTOGRAPHES;
928 821 154 52 VÉRIFI-

206 855 171 59 CATION
326 855 103 59 DE
377 855 171 59 PIÈCES
497 855 103 59 ET
548 855 257 59 CERTIFICATS
736 855 291 59 D’AUTHENTICITÉ;

261 896 265 68 PUBLICATION
473 896 106 68 DE
526 896 230 68 L’AMATEUR
685 896 265 68 D’AUTOGRAPHES

375 935 102 63 ET
426 935 102 63 DU
477 935 239 63 SUPPLÉMENT
665 935 85 63 A
682 935 136 63 L’ISO-

428 987 211 59 GRAPHIE
581 987 134 59 DES
639 987 153 59 HOMMES

877 994 230 91 Avril
1004 994 153 91 1880

507 1024 181 59 CÉLÈBRES

27 999 308 87 Numéro
212 999 154 87 203

267 1156 214 70 BULLETIN
427 1156 303 70 D’AUTOGRAPHES
677 1156 89 70 A
712 1156 142 70 PRIX
784 1156 160 70 MARQUÉS

142 1295 168 71 29335.
260 1295 168 71 ABELLY
377 1295 201 71 (Louis),
528 1295 252 71 théologien,
730 1295 168 71 évêque
847 1295 101 71 de
898 1295 185 71 Rhodez,
1015 1295 185 71 historien

183 1349 108 56 de
237 1349 161 56 saint
344 1349 197 56 Vincent
488 1349 108 56 de
542 1349 161 56 Paul,
649 1349 251 56 adversaire
846 1349 108 56 de
900 1349 269 56 Port-Royal.
1097 1349 54 56 —

176 1395 94 61 P.
223 1395 110 61 s.,
286 1395 110 61 sur
349 1395 157 61 vélin;
460 1395 142 61 1670,
554 1395 79 61 1
585 1395 94 61 p.
633 1395 126 61 in-8
711 1395 173 61 oblong.
837 1395 79 61 3
853 1395 63 61 »»

144 1444 163 58 29336.
258 1444 213 58 ALGAROTTI
422 1444 114 58 (le
487 1444 147 58 comte
585 1444 245 58 Francesco),
781 1444 180 58 célèbre
912 1444 196 58 écrivain
1043 1444 147 58 italien

180 1479 125 75 ami
252 1479 107 75 de
305 1479 232 75 Voltaire.
484 1479 89 75 —
520 1479 107 75 L.
573 1479 107 75 a.
627 1479 125 75 s.;
699 1479 197 75 Venise,
842 1479 89 75 8
877 1479 161 75 janv.
985 1479 161 75 1746,
1092 1479 89 75 1
1110 1479 89 75 p.,

181 1530 137 64 in-4.
272 1530 122 64 Très
348 1530 137 64 belle
439 1530 167 64 lettre.
546 1530 76 64 5»»

140 1575 156 89 29337.
249 1575 187 89 ANTONINI
389 1575 202 89 (Egidio),
545 1575 109 89 dit
607 1575 156 89 GILLES
716 1575 93 89 DE
763 1575 187 89 VITERBE,
903 1575 202 89 cardinal,
1042 1575 156 89 illustre

175 1622 296 68 prédicateur
412 1622 119 68 et
472 1622 178 68 homme
590 1622 217 68 d’Etat,
748 1622 257 68 humaniste
946 1622 119 68 et
1005 1622 178 68 poète
1104 1622 99 68 qui

177 1682 143 44 prit
267 1682 125 44 une
338 1682 143 44 part
428 1682 179 44 âctive
553 1682 107 44 au
607 1682 233 44 mouvement
786 1682 107 44 de
840 1682 107 44 la
893 1682 287 44 Renaissance.
1108 1682 54 44 —

182 1710 107 53 L.
236 1710 125 53 s.;
307 1710 160 53 Rome,
414 1710 89 53 3
449 1710 160 53 avril
556 1710 160 53 1526,
663 1710 89 53 3
699 1710 107 53 p.
752 1710 125 53 1/2
823 1710 214 53 in-fol.,
983 1710 196 53 cachet.
1108 1710 89 53 Lé-

175 1758 153 55 gères
277 1758 238 55 déchirures
463 1758 204 55 enlevant
616 1758 204 55 quelques
769 1758 153 55 mots.
871 1758 271 55 Rare
1091 1758 102 55 10
1125 1758 68 55 »»

206 1798 121 55 Cette
286 1798 174 55 signature
420 1798 94 55 est
474 1798 134 55 placée
568 1798 94 55 sur
621 1798 94 55 une
675 1798 148 55 requete
782 1798 67 55 à
809 1798 94 55 lui
863 1798 174 55 présentée
997 1798 94 55 par
1050 1798 80 55 la
1077 1798 121 55 commune

173 1825 76 52 de
199 1825 127 52 Cingoli.

149 1846 111 83 29338.
226 1846 100 83 APAFI
293 1846 144 83 (Michel),
403 1846 111 83 prince
481 1846 66 83 de
514 1846 188 83 Transylvanie.
669 1846 55 83 —
691 1846 66 83 L.
724 1846 77 83 s.;
768 1846 100 83 1684,
824 1846 55 83 3/4

184 1909 89 76 de
229 1909 89 76 p.
274 1909 179 76 in-fol.,
408 1909 164 76 cachet.
527 1909 134 76 Belle
616 1909 149 76 pièce.
721 1909 75 76 3
735 1909 60 76 50

945 1953 117 56 1
