1586 2899
596 41 179 86 —
632 41 179 86 323

27 139 200 73 3898.
160 139 467 73 Barthélemy
560 139 311 73 (François,
805 139 245 73 marquis
983 139 156 73 de)
1072 139 356 73 ambassadeur,
1339 139 133 73 mem

70 206 151 49 bre
157 206 129 49 du
221 206 323 49 Directoire,
480 206 280 49 sénateur,
695 206 172 49 etc.
803 206 129 49 L.
867 206 172 49 aut.
975 206 194 49 sig.,
1104 206 108 49 à
1147 206 129 49 M.
1190 206 280 49 Guillaumot.

58 244 345 52 Paris,
299 244 207 52 13
402 244 276 52 août
574 244 310 52 1806.
781 244 172 52 1
850 244 207 52 p.
953 244 241 52 pl.
1091 244 310 52 in-4.
1298 244 172 52 2
1332 244 138 52 50

28 280 183 73 3899.
150 280 407 73 Bartolini
496 280 224 73 célèbre
659 280 285 73 statuaire.
883 280 122 73 L.
944 280 163 73 aut.
1046 280 163 73 sig.
1147 280 122 73 (à
1208 280 122 73 la
1249 280 224 73 troisième

60 347 417 54 personne,
380 347 192 54 en
477 347 417 54 italien).
797 347 449 54 Demie-page
1150 347 288 54 in-8.
1342 347 160 54 2
1374 347 96 54 »

28 378 186 68 3900.
152 378 352 68 Baudot
442 378 145 68 (le
525 378 269 68 général).
731 378 124 68 L.
794 378 165 68 aut.
897 378 186 68 sig.,
1021 378 124 68 au
1083 378 227 68 général
1249 378 227 68 Dejean.
1393 378 83 68 Au

74 431 209 73 Caire,
221 431 126 73 22
283 431 251 73 pluviôse
472 431 126 73 an
535 431 147 73 IX.
618 431 105 73 2
660 431 147 73 gr.
744 431 126 73 p.
807 431 126 73 et
870 431 188 73 demie
995 431 230 73 in-fol.
1163 431 272 73 Vignette.
1372 431 105 73 3
1393 431 84 73 50

117 478 228 59 Détails
283 478 331 59 intéressants
552 478 145 59 sur
635 478 124 59 sa
697 478 269 59 situation
904 478 124 59 en
946 478 186 59 Egypte.

28 519 181 77 3901.
148 519 361 77 Bausset
449 519 140 77 (le
530 519 181 77 baron
650 519 241 77 François
831 519 161 77 de),
931 519 201 77 préfet
1072 519 120 77 du
1132 519 201 77 palais
1252 519 221 77 impérial.

75 577 127 64 L.
138 577 170 64 aut.
245 577 191 64 sig.,
372 577 127 64 au
436 577 234 64 docteur
606 577 255 64 Leclerc,
797 577 234 64 médecin
966 577 127 64 de
1030 577 127 64 S.
1094 577 127 64 M.
1136 577 340 64 l’Impératrice.

59 626 596 56 Saint-Cloud,
543 626 261 56 mai
692 626 335 56 1807.
915 626 186 56 1
990 626 223 56 p.
1102 626 335 56 in-8.
1325 626 186 56 3
1362 626 112 56 »

120 666 127 66 Il
183 666 127 66 le
247 666 254 66 prévient
438 666 148 66 que
522 666 127 66 la
586 666 233 66 douleur
756 666 127 66 de
819 666 127 66 S.
883 666 127 66 M.
946 666 360 66 l’Impératrice
1243 666 233 66 ressent
1391 666 85 66 de

74 715 126 63 la
137 715 167 63 mort
242 715 126 63 du
304 715 209 63 prince
451 715 272 63 Napoléon,
660 715 147 63 son
744 715 314 63 petit-fils,
995 715 147 63 est
1058 715 209 63 extrême.

31 752 183 82 3902.
153 752 367 82 Bavière
459 752 245 82 (Amélie,
642 752 265 82 princesse
846 752 265 82 Palatine,
1050 752 245 82 duchesse
1233 752 143 82 de)
1315 752 102 82 :
1335 752 143 82 Quit

77 823 191 55 tance
204 823 170 55 sig.
310 823 127 55 de
374 823 127 55 la
438 823 191 55 somme
565 823 127 55 de
629 823 127 55 3,
692 823 149 55 166
777 823 212 55 livres
926 823 149 55 des
1011 823 234 55 revenus
1181 823 127 55 de
1244 823 149 55 ses
1308 823 170 55 terres

73 859 143 60 au
145 859 214 60 duché
287 859 143 60 de
359 859 333 60 Bourgogne.
621 859 357 60 Strasbourg,
907 859 143 60 25
978 859 190 60 août
1097 859 214 60 1625.
1216 859 262 60 Demi

26 911 798 59 in-fol.
607 911 726 59 Sceau.
1115 911 363 59 2
1188 911 290 59 50

31 942 178 81 3903.
150 942 357 81 Bavière
447 942 495 81 (Maximilien-Philippe,
883 942 258 81 Électeur,
1082 942 139 81 duc
1161 942 159 81 de).
1260 942 178 81 Pièce
1359 942 119 81 sig.

75 1008 281 58 Murcheim,
291 1008 130 58 10
356 1008 259 58 décembre
550 1008 194 58 1690.
680 1008 108 58 1
723 1008 130 58 p.
788 1008 238 58 in-fol.
961 1008 130 58 en
1026 1008 259 58 travers.
1220 1008 194 58 Belle
1328 1008 151 58 pièce

11 1052 691 81 avec
443 1052 864 81 sceau.
1047 1052 432 81 3
1134 1052 346 81 50

121 1092 131 69 Au
187 1092 197 69 sujet
318 1092 131 69 de
383 1092 131 69 la
449 1092 153 69 dot
536 1092 131 69 de
602 1092 131 69 la
667 1092 262 69 duchesse
864 1092 131 69 sa
907 1092 175 69 femme.

33 1140 183 75 3904.
155 1140 367 75 Bavière
460 1140 469 75 (Maurice-Phébronie,
868 1140 183 75 veuve
990 1140 122 75 de
1051 1140 306 75 l’Electeur,
1296 1140 143 75 duc
1357 1140 122 75 de).

78 1189 127 73 L.
141 1189 170 73 aut.
248 1189 191 73 sig.,
375 1189 127 73 au
439 1189 255 73 cardinal
630 1189 127 73 de
693 1189 276 73 Bouillon,
906 1189 149 73 son
991 1189 191 73 frère
1118 1189 149 73 (il
1203 1189 106 73 y
1245 1189 106 73 a
1267 1189 212 73 derrière

76 1243 223 67 quatre
232 1243 223 67 lignes
388 1243 134 67 et
455 1243 134 67 la
522 1243 178 67 date
633 1243 134 67 de
700 1243 134 67 la
767 1243 178 67 main
878 1243 134 67 du
945 1243 312 67 cardinal).
1190 1243 134 67 De
1235 1243 245 67 Turcheim,

70 1294 144 57 4
128 1294 201 57 mai
243 1294 259 57 1705.
415 1294 144 57 3
473 1294 173 57 p.
559 1294 201 57 pl.
674 1294 230 57 in-4
818 1294 316 57 (papier
1048 1294 173 57 de
1134 1294 316 57 deuil).
1364 1294 144 57 6
1393 1294 86 57 »

125 1337 216 68 Lettre
276 1337 280 68 touchante
492 1337 129 68 au
557 1337 194 68 sujet
686 1337 129 68 de
751 1337 129 68 la
816 1337 173 68 mort
924 1337 129 68 de
988 1337 151 68 son
1053 1337 151 68 mari.

36 1380 183 68 3905.
158 1380 345 68 Belloy
442 1380 365 68 (Jean-Baptiste
746 1380 162 68 de),
848 1380 264 68 cardiual,
1051 1380 284 68 archevêque
1274 1380 122 68 de
1315 1380 162 68 Paris.

79 1439 135 62 L.
147 1439 180 62 aut.
260 1439 203 62 sig.,
395 1439 135 62 au
463 1439 271 62 sénateur
666 1439 271 62 Pléville
869 1439 135 62 le
937 1439 248 62 Pelley.
1117 1439 113 62 1
1162 1439 135 62 p.
1230 1439 203 62 in-8.
1365 1439 113 62 2
1388 1439 90 62 50

36 1477 188 75 3906.
162 1477 377 75 Bergues
476 1477 126 75 L.
538 1477 167 75 aut.
643 1477 188 75 sig.,
769 1477 105 75 à
810 1477 209 75 Madame
957 1477 126 75 la
1020 1477 251 75 duchesse
1208 1477 126 75 de
1250 1477 230 75 Bouillon.

75 1540 143 72 De
147 1540 215 72 Faus,
290 1540 119 72 5
337 1540 167 72 mai
433 1540 215 72 1643.
576 1540 119 72 1
624 1540 167 72 gr.
719 1540 143 72 p.
791 1540 167 72 pl.
886 1540 215 72 grand
1029 1540 262 72 in-fol.
1220 1540 262 72 Cachets
1387 1540 95 72 et

-37 1576 1381 66 soies.
930 1576 691 66 6
1068 1576 414 66 »

127 1641 125 75 Au
190 1641 188 75 sujet
315 1641 146 75 des
398 1641 334 75 négociations
669 1641 167 75 dont
773 1641 125 75 il
836 1641 104 75 a
878 1641 146 75 été
961 1641 229 75 chargé,
1128 1641 125 75 et
1190 1641 125 75 du
1253 1641 208 75 traité
1378 1641 104 75 in-

79 1679 235 61 tervenu
250 1679 128 61 en
314 1679 128 61 sa
357 1679 192 61 faveur.

35 1703 194 86 3907.
165 1703 453 86 Bonaparte,
553 1703 194 86 comme
682 1703 237 86 général
855 1703 129 86 en
919 1703 172 86 chef
1027 1703 129 86 de
1092 1703 237 86 l’armée
1243 1703 237 86 d’Egypte.

81 1772 127 63 L.
144 1772 191 63 sig.,
272 1772 127 63 au
335 1772 233 63 général
505 1772 191 63 Vial.
632 1772 424 63 Quartier-général
993 1772 127 63 du
1057 1772 212 63 Caire,
1205 1772 127 63 le
1269 1772 127 63 25
1311 1772 170 63 vendé-

74 1823 293 65 miaire
279 1823 176 65 an
367 1823 234 65 VII.
513 1823 146 65 1
572 1823 176 65 p.
660 1823 322 65 in-fol.
894 1823 234 65 Tête
1041 1823 381 65 imprimée.
1334 1823 176 65 10
1392 1823 88 65 »

127 1871 133 90 Au
193 1871 200 90 sujet
326 1871 133 90 de
393 1871 444 90 l’emprisonnement
770 1871 155 90 des
859 1871 200 90 chefs
992 1871 133 90 de
1059 1871 177 90 cinq
1169 1871 288 90 villages,
1369 1871 111 90 qui

84 1916 148 59 ont
168 1916 275 59 assassiné
380 1916 127 59 un
443 1916 211 59 bateau
570 1916 232 59 français.

40 1937 185 105 3908.
164 1937 412 105 Bonaparte
514 1937 144 105 (le
596 1937 206 105 prince
740 1937 432 105 Jérôme-Napoléon),
1111 1937 247 105 ministre
1296 1937 123 105 de
1337 1937 144 105 l’Al

85 2011 202 78 gérie.
226 2011 121 78 L.
287 2011 182 78 sig.,
408 2011 101 78 à
449 2011 121 78 M.
509 2011 121 78 le
570 2011 364 78 rédacteur....,
873 2011 182 78 1848.
995 2011 101 78 1
1035 2011 121 78 p.
1096 2011 182 78 in-8.
1217 2011 202 78 Portr.
1338 2011 142 78 lith.

-22 2068 1378 60 in-fol.
980 2068 626 60 3
1105 2068 376 60 »

44 2097 175 75 3909.
160 2097 408 75 Bourgueil
510 2097 292 75 chansonnier
744 2097 117 75 et
802 2097 195 75 auteur
938 2097 292 75 dramatique.
1172 2097 175 75 La
1269 2097 214 75 Chan

92 2166 290 57 sonette
336 2166 107 57 sur
397 2166 152 57 l’air:
503 2166 335 57 Turlurette
793 2166 335 57 Turlurette
1083 2166 122 57 Aut.
1159 2166 122 57 sig.
1235 2166 76 57 2
1266 2166 91 57 p.
1311 2166 137 57 in-8.
1403 2166 76 57 2
1418 2166 61 57 50

45 2210 174 56 3910.
161 2210 310 56 Boyer
413 2210 136 56 (le
490 2210 174 56 baron
607 2210 233 56 Alexis),
781 2210 213 56 premier
936 2210 271 56 chirurgien
1149 2210 116 56 de
1208 2210 233 56 Napoléon
1363 2210 116 56 Ier,

89 2267 191 49 membre
223 2267 115 49 de
280 2267 286 49 l’Institut,
509 2267 172 49 etc.,
623 2267 115 49 né
681 2267 95 49 à
719 2267 382 49 Uzerche.
1043 2267 115 49 L.
1100 2267 153 49 aut.
1196 2267 172 49 sig.,
1310 2267 95 49 à
1348 2267 115 49 M.
1387 2267 95 49 Le-

89 2295 215 67 élerc,
239 2295 236 67 médecin
410 2295 129 67 de
475 2295 129 67 la
539 2295 215 67 maison
689 2295 129 67 de
754 2295 322 67 l’Empereur,
1011 2295 129 67 au
1075 2295 215 67 palais
1226 2295 279 67 impérial,
1419 2295 64 67 à

85 2352 289 58 Mayence.
302 2352 313 58 Varsovie,
543 2352 145 58 le
615 2352 120 58 3
663 2352 265 58 janvier
856 2352 217 58 1807.
1000 2352 120 58 2
1048 2352 169 58 gr.
1145 2352 145 58 p.
1217 2352 217 58 in-4.
1362 2352 120 58 7
1386 2352 96 58 50

134 2399 124 58 La
196 2399 186 58 santé
321 2399 124 58 de
383 2399 311 58 l’Empereur,
632 2399 186 58 objet
756 2399 269 58 continuel
963 2399 124 58 de
1025 2399 124 58 sa
1087 2399 332 58 sollicitude,
1357 2399 124 58 et
1398 2399 83 58 de

88 2443 187 63 celle
213 2443 125 63 de
275 2443 166 63 leur
379 2443 249 63 confrère
566 2443 125 63 et
628 2443 145 63 ami
711 2443 291 63 Corvisart,
940 2443 145 63 est
1023 2443 125 63 on
1085 2443 125 63 ne
1148 2443 166 63 peut
1231 2443 249 63 meilleure,

90 2498 214 66 malgré
239 2498 128 66 la
304 2498 235 66 fatigue
475 2498 193 66 d’une
603 2498 257 66 campagne
796 2498 214 66 contre
946 2498 150 66 les
1031 2498 235 66 Russes,
1203 2498 150 66 qui
1288 2498 150 66 n’a
1353 2498 128 66 duré

90 2536 145 70 que
173 2536 145 70 dix
256 2536 208 70 jours,
402 2536 166 70 mais
506 2536 145 70 qui
589 2536 104 70 a
630 2536 145 70 été
713 2536 125 70 on
776 2536 125 70 ne
838 2536 166 70 peut
942 2536 166 70 plus
1046 2536 249 70 pénible.
1233 2536 187 70 «J’ai
1357 2536 125 70 vu
1399 2536 83 70 Sa

89 2604 265 53 «Majesté
288 2604 132 53 ce
354 2604 221 53 matin,
508 2604 132 53 et
575 2604 177 53 elle
685 2604 155 53 m’a
773 2604 287 53 entretenu
994 2604 243 53 pendant
1171 2604 287 53 longtemps
1370 2604 110 53 sur

91 2629 171 79 «les
198 2629 257 79 blessés,
390 2629 129 79 et
455 2629 278 79 notamment
669 2629 150 79 sur
755 2629 129 79 M.
819 2629 129 79 le
883 2629 257 79 maréchal
1076 2629 214 79 Duroc,
1226 2629 150 79 qui
1312 2629 107 79 a
1354 2629 129 79 eu
1397 2629 86 79 la

91 2680 291 82 «clavicule
320 2680 228 82 cassée,
486 2680 125 82 et
548 2680 145 82 sur
631 2680 125 82 le
693 2680 228 82 général
859 2680 187 82 Rapp,
984 2680 145 82 qui
1067 2680 104 82 a
1108 2680 125 82 eu
1171 2680 125 82 le
1233 2680 166 82 bras
1316 2680 166 82 gauche

91 2736 108 88 «
135 2736 260 88 fracturé
330 2736 173 88 d’un
438 2736 173 88 coup
547 2736 130 88 de
612 2736 282 88 carabine.
807 2736 65 88 »
