1566 2942
34 184 175 65 3911.
150 184 370 65 Brancas.
462 184 117 65 L.
521 184 156 65 aut.
618 184 175 65 sig.,
735 184 97 65 à
774 184 156 65 M...
871 184 273 65 Marseille,
1085 184 97 65 3
1124 184 234 65 avril...
1300 184 97 65 8
1339 184 136 65 gr.
1397 184 78 65 p.

2 243 688 75 pl.
395 243 885 75 in-4.
985 243 590 75 15
1181 243 295 75 »

127 288 208 56 Lettre
273 288 334 56 intéressante
544 288 125 56 au
607 288 188 56 sujet
732 288 125 56 de
794 288 271 56 plusieurs
1003 288 146 56 cas
1086 288 125 56 de
1149 288 188 56 peste
1274 288 146 56 qui
1336 288 146 56 vien-

81 338 163 53 nent
182 338 224 53 d’avoir
345 338 163 53 lieu
447 338 163 53 dans
549 338 122 53 la
589 338 163 53 ville.

33 355 182 87 3912.
154 355 365 87 Caillot
458 355 263 87 (Joseph),
661 355 223 87 célèbre
823 355 203 87 acteur
965 355 122 87 de
1025 355 122 87 la
1086 355 223 87 comédie
1228 355 243 87 italienne.

77 423 192 57 Pièce
204 423 170 57 aut.
311 423 170 57 sig.
417 423 234 57 (écrite
588 423 170 57 cinq
694 423 170 57 mois
801 423 192 57 avant
928 423 128 57 sa
992 423 213 57 mort).
1141 423 213 57 Paris,
1290 423 128 57 20
1333 423 149 57 avril

75 472 230 58 1816.
229 472 256 58 Petite
408 472 204 58 page
535 472 204 58 in-8
663 472 153 58 en
740 472 307 58 travers.
970 472 307 58 Curieuse
1200 472 256 58 pièce.
1379 472 128 58 5
1404 472 77 58 »

32 506 181 79 3913.
153 506 363 79 Catinat
455 506 282 79 (Nicolas),
676 506 242 79 maréchal
858 506 121 79 de
918 506 222 79 France.
1079 506 262 79 Passeport
1260 506 222 79 militaire

74 567 251 59 signé,
250 567 377 59 Luxembourg,
551 567 126 59 8
602 567 276 59 février
803 567 226 59 1689.
953 567 201 59 In-4
1079 567 151 59 en
1154 567 302 59 travers.
1380 567 126 59 3
1406 567 75 59 »

31 608 179 85 3914.
150 608 358 85 Catinat
449 608 219 85 (Réné),
608 608 278 85 conseiller
827 608 119 85 du
886 608 159 85 roi.
986 608 199 85 Quitt.
1125 608 159 85 sig.
1224 608 159 85 (sur
1304 608 179 85 parche-

59 672 366 57 min).
303 672 406 57 Paris,
587 672 244 57 10
709 672 447 57 février
1034 672 366 57 1602.
1278 672 203 57 1
1319 672 162 57 50

32 698 165 80 3915.
142 698 331 80 Catinat
417 698 257 80 (Georges),
620 698 147 80 abbé
711 698 110 80 de
767 698 257 80 St-Julien,
969 698 110 80 de
1024 698 312 80 Tours
1263 698 220 80 conseiller

73 763 153 56 du
150 763 204 56 roi.
278 763 256 56 Quitt.
457 763 204 56 sig.
585 763 204 56 (sur
712 763 281 56 parch.)
917 763 153 56 12
993 763 281 56 juillet
1198 763 230 56 1646.
1351 763 128 56 1
1377 763 102 56 50

35 816 183 59 3916.
157 816 367 59 Catinat
463 816 285 59 (Clément),
687 816 224 59 docteur
850 816 122 59 de
911 816 265 59 Sorbonne,
1115 816 163 59 abbé
1217 816 122 59 de
1258 816 224 59 St

80 863 122 53 de
141 863 346 53 Tours
425 863 203 53 Quitt.
567 863 163 53 sig.
669 863 163 53 (sur
771 863 244 53 parch.).
954 863 203 53 Paris,
1096 863 122 53 22
1157 863 163 53 déc.
1258 863 183 53 1677.
1380 863 102 53 1
1401 863 81 53 50

33 886 174 90 3917.
149 886 444 90 Caulaincourt
535 886 212 90 (Madame
689 886 154 90 de),
786 886 135 90 née
863 886 406 90 Baraudier
1211 886 270 90 belle-sœur
1404 886 77 90 du

77 955 248 81 général,
263 955 269 81 sénateur,
470 955 269 81 Harville.
676 955 124 81 L.
738 955 165 81 aut.
842 955 186 81 sig.,
966 955 103 81 à
1007 955 207 81 Mgr...
1131 955 351 81 Lisy

52 1000 231 52 1
144 1000 739 52 vendémiaire.
744 1000 231 52 2
837 1000 277 52 p.
975 1000 416 52 in-4.
1252 1000 231 52 1
1298 1000 185 52 50

30 1048 182 68 3918.
151 1048 363 68 Caumont
453 1048 141 68 (le
534 1048 242 68 général,
716 1048 182 68 comte
837 1048 161 68 de);
937 1048 182 68 c’est
1058 1048 141 68 lui
1139 1048 141 68 que
1220 1048 222 68 Delille
1361 1048 121 68 cite

78 1103 178 57 dans
189 1103 156 57 son
278 1103 201 57 poëme
412 1103 134 57 de
479 1103 201 57 la
613 1103 312 57 Pitié
858 1103 134 57 L.
925 1103 178 57 aut.
1036 1103 178 57 sig.
1148 1103 111 57 1
1192 1103 134 57 p.
1259 1103 201 57 in-8.
1393 1103 111 57 2
1415 1103 67 57 »

33 1123 184 90 3919.
155 1123 470 90 Champollion,
564 1123 143 90 dit
646 1123 123 90 le
707 1123 204 90 jeune,
850 1123 348 90 orientaliste,
1136 1123 204 90 membre
1280 1123 123 90 de
1320 1123 164 90 l’Ins-

68 1200 337 55 titut.
304 1200 337 55 Billet
540 1200 270 55 aut.
709 1200 270 55 sig.
877 1200 236 55 1/2
1012 1200 202 55 p.
1113 1200 303 55 in-8.
1315 1200 169 55 1
1349 1200 135 55 50

32 1233 201 76 3920.
166 1233 313 76 Chardon
411 1233 134 76 de
478 1233 134 76 la
545 1233 380 76 Rochette,
858 1233 335 76 helléniste.
1126 1233 134 76 L.
1193 1233 179 76 aut.
1304 1233 201 76 sig.,
1416 1233 67 76 à

79 1293 158 63 son
170 1293 226 63 ami...
328 1293 249 63 Troyes,
510 1293 136 63 24
577 1293 226 63 nivôse
736 1293 136 63 au
804 1293 181 63 XII.
917 1293 113 63 4
962 1293 136 63 p.
1030 1293 136 63 et
1098 1293 204 63 demie
1234 1293 204 63 in-8.
1370 1293 113 63 2
1392 1293 91 63 50

126 1339 125 63 Au
189 1339 188 63 sujet
314 1339 125 63 de
376 1339 271 63 Villaret,
585 1339 375 63 bibliothécaire
898 1339 125 63 de
939 1339 209 63 St

35 1379 172 61 3921.
149 1379 458 61 Charles-Quint
550 1379 324 61 (l’Empereur).
817 1379 114 61 L.
874 1379 153 61 sig.
969 1379 172 61 Yo
1084 1379 114 61 el
1141 1379 210 61 Rey
1293 1379 133 61 (en
1351 1379 133 61 espa

84 1434 197 77 gnol),
222 1434 99 77 à
262 1434 138 77 son
341 1434 177 77 fils,
459 1434 158 77 plus
557 1434 158 77 tard
656 1434 237 77 Philippe
833 1434 138 77 II.
912 1434 99 77 8
952 1434 217 77 janvier
1109 1434 177 77 1542.
1228 1434 99 77 1
1267 1434 118 77 p.
1307 1434 177 77 in

79 1496 333 45 (déchirure
341 1496 143 45 en
412 1496 214 45 tête,
555 1496 190 45 mais
674 1496 143 45 ne
745 1496 286 45 touchant
960 1496 167 45 pas
1055 1496 381 45 l’écriture).
1364 1496 143 45 15
1412 1496 71 45 »

39 1533 155 73 3922.
142 1533 310 73 Chatel,
401 1533 276 73 littérateur,
625 1533 172 73 auteur
745 1533 103 73 de
797 1533 293 73 l'Histoire
1038 1533 224 73 naturelle
1210 1533 103 73 et
1245 1533 241 73 philoso

81 1586 257 60 phique
279 1586 118 60 de
338 1586 316 60 l'homme
595 1586 158 60 etc.
693 1586 118 60 L.
753 1586 158 60 aut.
851 1586 158 60 sig.
950 1586 197 60 Rouen,
1088 1586 178 60 1816.
1207 1586 99 60 1
1246 1586 118 60 p.
1305 1586 118 60 et
1345 1586 138 60 demie

-38 1630 1247 57 in-4.
793 1630 693 57 2
931 1630 554 57 25

36 1666 183 80 3923.
158 1666 408 80 Chevalier
504 1666 265 80 (Michel),
708 1666 387 80 saint-simonien,
1035 1666 285 80 ingénieur,
1238 1666 245 80 conseiller

77 1725 323 57 d’État.
311 1725 176 57 L.
399 1725 235 57 aut.
546 1725 235 57 sig.
692 1725 147 57 8
751 1725 352 57 février.
1015 1725 147 57 1
1074 1725 176 57 p.
1161 1725 264 57 in-8.
1337 1725 147 57 1
1367 1725 117 57 50

39 1769 171 75 3924.
153 1769 360 75 Chevérus
456 1769 171 75 (Jean
570 1769 152 75 de),
665 1769 228 75 illustre
835 1769 265 75 archevêque
1044 1769 114 75 de
1101 1769 379 75 Bordeaux
1404 1769 76 75 L.

78 1823 212 57 aut.
210 1823 212 57 sig.
343 1823 345 57 Bordeaux,
607 1823 159 57 29
687 1823 292 57 juillet
899 1823 239 57 1828.
1058 1823 133 57 1
1111 1823 159 57 p.
1191 1823 239 57 in-4.
1350 1823 133 57 2
1376 1823 106 57 50

34 1853 186 83 3925.
158 1853 351 83 Chomel
447 1853 413 83 (Jean-Baptiste),
798 1853 227 83 médecin
964 1853 268 83 ordinaire
1170 1853 124 83 du
1232 1853 165 83 roi.
1315 1853 165 83 Quitt.

82 1918 172 67 sig.
190 1918 172 67 (sur
298 1918 237 67 parch.)
470 1918 129 67 de
535 1918 129 67 la
599 1918 194 67 somme
728 1918 129 67 de
793 1918 194 67 1,200
922 1918 215 67 livres
1073 1918 172 67 pour
1181 1918 301 67 honoraires
1396 1918 86 67 de

66 1961 230 57 sa
181 1961 383 57 charge
449 1961 422 57 pendant
756 1961 422 57 l’année
1062 1961 345 57 1693.
1292 1961 192 57 2
1331 1961 153 57 50

38 2001 179 95 3926.
157 2001 357 95 Clarke,
455 2001 278 95 conseiller
673 2001 218 95 d’Etat,
832 2001 278 95 secrétaire
1050 2001 119 95 du
1109 2001 218 95 cabinet
1268 2001 119 95 de
1308 2001 179 95 l’Empe

81 2053 184 57 reur
196 2053 299 57 Napoléon.
426 2053 138 57 L.
494 2053 184 57 aut.
609 2053 207 57 sig.,
747 2053 138 57 au
816 2053 253 57 général
1000 2053 207 57 Vial,
1138 2053 345 57 ambassadeur
1390 2053 92 57 en

85 2109 232 54 Suisse.
254 2109 127 54 Du
317 2109 169 54 camp
423 2109 253 54 impérial
613 2109 127 54 de
676 2109 274 54 Boulogne,
887 2109 127 54 11
950 2109 274 54 fructidor
1161 2109 127 54 an
1225 2109 190 54 XIII.
1351 2109 106 54 4
1372 2109 106 54 gr.

11 2155 551 70 p.
287 2155 1011 70 in-fol.
1022 2155 459 70 7
1114 2155 367 70 50

129 2194 311 61 L’Empereur
373 2194 155 61 lui
462 2194 266 61 commande
662 2194 133 61 de
728 2194 155 61 lui
817 2194 222 61 écrire
972 2194 178 61 pour
1083 2194 155 61 lui
1172 2194 200 61 faire
1305 2194 178 61 part
1394 2194 89 61 de

85 2251 142 55 son
166 2251 182 55 désir
287 2251 182 55 qu’il
408 2251 182 55 fasse
530 2251 182 55 choix
651 2251 121 55 de
712 2251 162 55 l’un
813 2251 142 55 des
894 2251 263 55 officiers
1096 2251 142 55 qui
1177 2251 162 55 sont
1278 2251 202 55 auprès
1399 2251 81 55 de

82 2297 175 53 lui,
191 2297 131 53 et
257 2297 153 53 que
344 2297 175 53 sous
454 2297 131 53 un
519 2297 262 53 prêtexte
716 2297 306 53 quelconque
956 2297 131 53 de
1022 2297 240 53 voyage,
1197 2297 131 53 il
1262 2297 153 53 lui
1328 2297 153 53 donne

82 2349 233 57 l’ordre
251 2349 127 57 de
315 2349 191 57 faire
442 2349 127 57 la
505 2349 381 57 reconnaissance
823 2349 127 57 de
886 2349 127 57 la
950 2349 191 57 route
1077 2349 148 57 qui
1161 2349 127 57 va
1225 2349 127 57 de
1288 2349 212 57 Lindau
1415 2349 64 57 à

83 2392 215 54 Ulm...
234 2392 194 54 Longs
363 2392 237 54 défails
536 2392 151 54 sur
622 2392 151 54 les
708 2392 345 54 observations
988 2392 194 54 qu’il
1117 2392 215 54 pourra
1268 2392 194 54 faire
1375 2392 108 54 sur

84 2444 142 64 les
165 2444 203 64 routes
307 2444 324 64 praticables,
570 2444 142 64 les
651 2444 203 64 places
793 2444 122 64 de
854 2444 223 64 guerre,
1016 2444 122 64 la
1077 2444 243 64 position
1259 2444 142 64 des
1320 2444 162 64 Autri-

85 2487 270 74 trichiens
293 2487 166 74 dans
397 2487 125 74 le
459 2487 208 74 Tyrol,
583 2487 125 74 etc.

39 2529 188 67 3927.
164 2529 334 67 Clary
435 2529 146 67 (le
519 2529 229 67 général
686 2529 229 67 comte),
852 2529 188 67 neveu
978 2529 125 67 de
1040 2529 209 67 Joseph
1186 2529 292 67 Bonaparte.
1395 2529 83 67 L.

81 2592 175 54 aut.
190 2592 196 54 sig.,
321 2592 131 54 au
387 2592 306 54 général...
627 2592 218 54 Paris,
780 2592 131 54 13
845 2592 240 54 janvier
1020 2592 196 54 1836.
1151 2592 109 54 2
1194 2592 131 54 p.
1260 2592 196 54 in-8.
1391 2592 109 54 2
1413 2592 65 54 »

36 2629 183 68 3928.
158 2629 366 68 Colbert
463 2629 285 68 (Charles),
687 2629 468 68 lieutenant-général,
1094 2629 305 68 commissaire
1318 2629 163 68 exami

85 2680 202 79 nateur
226 2680 121 79 au
287 2680 182 79 siège
408 2680 182 79 royal
529 2680 121 79 et
590 2680 263 79 présidial
792 2680 121 79 de
853 2680 344 79 Reims
1136 2680 202 79 Quitt.
1277 2680 162 79 sig.
1358 2680 121 79 (sur

31 2734 869 59 parch.).
682 2734 652 59 1627.
1117 2734 362 59 1
1189 2734 290 59 50

35 2769 192 96 3929.
162 2769 298 96 Colbert
397 2769 128 96 de
461 2769 319 96 Terron
716 2769 213 96 Quitt.
865 2769 170 96 sig.
972 2769 170 96 (sur
1078 2769 234 96 parch.)
1249 2769 192 96 1652,
1377 2769 106 96 1
1398 2769 85 96 25
