1616 2907
743 48 228 113 25
819 48 114 113 —

63 147 183 89 3930.
185 147 367 89 Colbert
490 147 285 89 (Nicolas),
715 147 244 89 seigueur
898 147 122 89 de
959 147 224 89 Turgis,
1122 147 204 89 maître
1265 147 122 89 de
1326 147 122 89 la
1366 147 143 89 Cham-

105 225 161 66 bre
197 225 161 66 des
289 225 253 66 Comptes
473 225 138 66 du
542 225 184 66 roi.
657 225 230 66 Quitt.
819 225 184 66 sig.
934 225 184 66 (sur
1049 225 276 66 parch.).
1256 225 207 66 1655.
1394 225 115 66 1
1417 225 92 66 50

63 262 183 72 3931.
185 262 367 72 Colbert
491 262 285 72 (Edouard),
715 262 224 72 marquis
878 262 122 72 de
939 262 285 72 Villacerf.
1163 262 204 72 Quitt.
1306 262 163 72 sig.
1388 262 122 72 (sur

55 320 872 54 parch.).
709 320 654 54 1674.
1146 320 363 54 1
1218 320 291 54 25

60 359 198 62 3932.
192 359 308 62 Colbert
434 359 132 62 de
500 359 462 62 Saint-Pouange
895 359 308 62 (Gilbert).
1137 359 220 62 Quitt.
1291 359 176 62 sig.
1379 359 132 62 (sur

58 417 827 57 parch.).
679 417 621 57 1680.
1092 417 345 57 1
1161 417 345 57 25.

65 458 162 64 3933.
173 458 325 64 Colbert
444 458 217 64 (Louis),
606 458 144 64 abbé
697 458 108 64 de
751 458 343 64 Bonport
1040 458 181 64 Quitt.
1166 458 144 64 sig.
1256 458 144 64 (sur
1328 458 181 64 parch.).

-10 515 1243 55 1687,
819 515 691 55 1
957 515 552 55 25

61 552 195 62 3934.
191 552 304 62 Colbert
430 552 130 62 de
495 552 369 62 Villacerf
799 552 585 62 (Jean-Baptiste-Michel),
1297 552 217 62 archevé-

104 604 186 67 que
211 604 159 67 de
290 604 531 67 Toulouse
742 604 266 67 Quitt.
928 604 212 67 sig.
1061 604 239 67 1697.
1220 604 239 67 In-4.
1379 604 133 67 1
1406 604 106 67 50

65 644 171 66 3935.
179 644 342 66 Colbert
465 644 228 66 (Louis),
636 644 171 66 comte
750 644 114 66 de
807 644 266 66 Lignières.
1016 644 190 66 Quitt.
1149 644 152 66 sig.
1245 644 152 66 (sur
1321 644 190 66 parch.).

-11 702 1242 70 1699.
817 702 690 70 1
955 702 552 70 50

61 733 204 72 3936.
197 733 317 72 Colbert
446 733 136 72 de
514 733 385 72 Villacerf
831 733 294 72 (l’abbé).
1058 733 317 72 Ordonnance
1307 733 136 72 de
1352 733 159 72 paye-

66 792 565 66 ment.
443 792 565 66 1699.
820 792 565 66 in-4.
1196 792 314 66 1
1259 792 251 66 25

62 837 183 60 3937.
184 837 285 60 Colbert
408 837 122 60 de
469 837 387 60 Maulevrier,
796 837 204 60 évêque
938 837 387 60 d'Autun
1264 837 204 60 Quitt.
1387 837 122 60 sig.

37 891 780 60 1710.
557 891 780 60 In-4.
1078 891 433 60 2
1164 891 347 60 25

61 929 187 71 3938.
186 929 290 71 Colbert
414 929 124 71 de
476 929 311 71 Sourdis
724 929 145 71 (le
807 929 228 71 marquis
973 929 166 71 de).
1077 929 124 71 L.
1139 929 166 71 aut.
1243 929 187 71 sig.,
1367 929 124 71 au
1408 929 104 71 duc

104 986 136 71 de
172 986 295 71 Bouillon.
399 986 250 71 Château
581 986 136 71 de
649 986 409 71 Saint-Germain,
990 986 114 71 6
1035 986 182 71 oct.
1149 986 114 71 2
1194 986 136 71 p.
1262 986 204 71 in-4.
1398 986 114 71 2
1421 986 91 71 50

63 1038 192 55 3939.
190 1038 383 55 Colbert
510 1038 149 55 (le
595 1038 234 55 marquis
766 1038 170 55 de),
872 1038 256 55 maréchal
1064 1038 128 55 de
1128 1038 192 55 camp.
1255 1038 213 55 Quitt,
1383 1038 128 55 sig.

-11 1084 1246 59 1750.
819 1084 692 59 1
957 1084 554 59 25

61 1124 207 62 3940.
199 1124 322 62 Colbert
451 1124 138 62 de
520 1124 413 62 Maulevrier
865 1124 161 62 (le
957 1124 207 62 comte
1095 1124 299 62 Edouard).
1324 1124 138 62 L.
1370 1124 138 62 aut.

98 1188 257 53 sig.
258 1188 418 53 Bordeaux,
580 1188 161 53 6
644 1188 257 53 mars
804 1188 289 53 1816.
997 1188 161 53 1
1061 1188 193 53 p.
1158 1188 289 53 in-4.
1350 1188 161 53 1
1383 1188 128 53 50

67 1224 178 64 3941.
186 1224 355 64 Colbert
481 1224 138 64 (le
560 1224 178 64 comte
679 1224 158 64 de).
777 1224 118 64 L.
836 1224 158 64 aut.
935 1224 178 64 sig.,
1053 1224 99 64 à
1093 1224 118 64 M.
1152 1224 118 64 le
1211 1224 217 64 vicomte
1349 1224 158 64 Walsh.

87 1273 626 62 Maulevrier,
588 1273 376 62 1836.
839 1273 209 62 1
922 1273 251 62 p.
1048 1273 376 62 in-8.
1298 1273 209 62 1
1340 1273 167 62 50

67 1321 191 52 3942.
194 1321 382 52 Colbert
513 1321 255 52 (Marie),
704 1321 212 52 épouse
853 1321 127 52 de
916 1321 191 52 Louis
1044 1321 297 52 Bechameil,
1256 1321 255 52 conseiller

98 1378 346 48 d’État.
349 1378 314 48 Quitt.
569 1378 251 48 sig.
726 1378 251 48 (sur
883 1378 377 48 parch.).
1166 1378 283 48 1669.
1354 1378 157 48 1
1385 1378 126 48 25

65 1406 186 70 3943.
189 1406 372 70 Colbert
499 1406 413 70 (Claire-Cécile),
851 1406 227 70 abbesse
1016 1406 124 70 de
1057 1406 455 70 l’Abbaye

108 1469 668 56 la-Royale-de-Lis-les-Melun.
712 1469 216 56 Quitt.
863 1469 173 56 sig.
971 1469 173 56 (sur
1079 1469 259 56 parch.).
1273 1469 194 56 1682.
1402 1469 108 56 1
1424 1469 86 56 50

64 1510 192 65 3944.
191 1510 383 65 Colbert
511 1510 362 65 (Marguerite),
809 1510 192 65 veuve
936 1510 128 65 de
1000 1510 234 65 Vincent
1170 1510 298 65 Hostement,
1383 1510 128 65 sei

112 1556 165 65 gneur
222 1556 110 65 de
277 1556 367 65 Fontenay
589 1556 239 65 intendant
773 1556 129 65 des
847 1556 239 65 finances.
1030 1556 184 65 Quitt.
1159 1556 147 65 sig.
1251 1556 147 65 (sur
1324 1556 184 65 parch.).

22 1612 957 63 1702.
766 1612 532 63 5
978 1612 532 63 1
1085 1612 425 63 25

62 1643 192 74 3945.
190 1643 299 74 Colbert
424 1643 128 74 de
488 1643 320 74 Croissy
744 1643 341 74 (Charlotte),
1021 1643 235 74 abbesse
1192 1643 128 74 de
1235 1643 277 74 Notre

102 1705 366 58 la-Royale,
389 1705 209 58 dite
520 1705 157 58 de
598 1705 392 58 Maubuisson.
911 1705 261 58 Quitt.
1094 1705 209 58 sig.
1225 1705 235 58 1751.
1381 1705 131 58 1
1408 1705 104 58 50

65 1747 181 64 3946.
185 1747 381 64 Commenge
506 1747 181 64 (Réné
627 1747 161 64 de),
727 1747 181 64 sieur
848 1747 120 64 de
908 1747 381 64 Sobolle
1229 1747 281 64 gouverneur
1430 1747 80 64 et

108 1798 411 65 lieutenant-général
463 1798 150 65 pour
557 1798 112 65 le
613 1798 150 65 roi,
706 1798 112 65 en
762 1798 112 65 la
819 1798 168 65 ville
931 1798 112 65 et
987 1798 243 65 citadelle
1174 1798 112 65 de
1230 1798 280 65 Metz
1435 1798 75 65 et

108 1863 172 54 pays
216 1863 237 54 Messin.
389 1863 215 54 Quitt.
539 1863 172 54 sig.
647 1863 172 54 (sur
755 1863 259 54 parch.),
949 1863 172 54 pour
1057 1863 151 54 ses
1143 1863 366 54 appointéments
1423 1863 86 54 de

77 1907 742 54 gouverneur.
670 1907 445 54 Metz,
967 1907 445 54 1595.
1264 1907 247 54 3
1313 1907 198 54 50

63 1933 192 87 3947.
191 1933 426 87 Comminges
553 1933 149 87 (le
638 1933 192 87 comte
766 1933 171 87 de).
873 1933 128 87 L.
937 1933 171 87 aut.
1043 1933 192 87 sig.,
1171 1933 107 87 à
1214 1933 213 87 Mgr..,
1341 1933 171 87 Paris,

85 2000 237 46 30
204 2000 435 46 janvier
520 2000 356 46 1822.
758 2000 198 46 1
837 2000 237 46 p.
955 2000 277 46 pl.
1114 2000 356 46 in-4.
1351 2000 198 46 2
1390 2000 119 46 »

64 2027 192 99 3948.
192 2027 426 99 Constant,
554 2027 234 99 premier
724 2027 192 99 valet
852 2027 128 99 de
916 2027 234 99 chambre
1087 2027 128 99 de
1151 2027 298 99 l’empereur
1364 2027 149 99 Napo-

107 2094 188 77 léon.
232 2094 125 77 L.
295 2094 167 77 aut.
399 2094 188 77 sig.,
525 2094 104 77 à
566 2094 167 77 M...
671 2094 209 77 Paris,
817 2094 125 77 26
880 2094 230 77 octobre
1047 2094 188 77 1814.
1172 2094 104 77 2
1214 2094 125 77 p.
1276 2094 188 77 in-4.
1402 2094 104 77 2
1422 2094 84 77 50

65 2152 184 68 3949.
187 2152 326 68 Conti
452 2152 265 68 (François
656 2152 122 68 de
717 2152 245 68 Bourbon,
901 2152 204 68 prince
1044 2152 163 68 de).
1146 2152 204 68 Quitt.
1289 2152 163 68 sig.
1391 2152 122 68 de
1431 2152 82 68 la

106 2202 191 58 somme
233 2202 128 58 de
297 2202 191 58 3,000
425 2202 234 58 livres,
595 2202 170 58 dont
701 2202 128 58 S.
765 2202 128 58 M.
829 2202 149 58 lui
914 2202 106 58 a
957 2202 170 58 fait
1063 2202 149 58 don
1148 2202 128 58 en
1191 2202 319 58 considération

75 2251 319 53 de
234 2251 372 53 ses
447 2251 691 53 services.
978 2251 478 53 1609.
1297 2251 266 53 3
1350 2251 159 53 »

63 2282 189 97 3950.
189 2282 357 97 Couchu
483 2282 357 97 collaborateur
777 2282 126 97 du
841 2282 189 97 comte
967 2282 126 97 de
1030 2282 252 97 Tressan.
1219 2282 126 97 L.
1282 2282 168 97 aut.
1366 2282 147 97 sig.,

84 2355 210 64 à
168 2355 336 64 M...
378 2355 210 64 2
462 2355 252 64 p.
588 2355 378 64 in-8.
839 2355 630 64 Littéraire.
1343 2355 210 64 2
1385 2355 126 64 »

62 2399 207 68 3951.
200 2399 438 68 Cousinot
569 2399 322 68 (Jacques),
822 2399 253 68 premier
1006 2399 253 68 médecin
1191 2399 138 68 de
1260 2399 207 68 Louis
1375 2399 138 68 XII.

85 2453 396 63 Quitt.
362 2453 317 63 sig.
560 2453 317 63 (sur
758 2453 475 63 parch.).
1114 2453 356 63 1632.
1352 2453 198 63 2
1391 2453 119 63 »

66 2509 184 55 3952.
188 2509 347 55 Créqui
474 2509 143 55 (le
556 2509 143 55 duc
637 2509 163 55 de),
739 2509 286 55 gouverneur
964 2509 265 55 d’Hesdin.
1168 2509 204 55 Quitt.
1311 2509 163 55 sig.
1393 2509 122 55 (sur

81 2559 552 56 parch.),
495 2559 276 56 22
633 2559 506 56 janvier
1001 2559 414 56 1679.
1277 2559 230 56 1
1323 2559 184 56 50

65 2603 189 57 3953.
191 2603 441 57 Dabrowsski
569 2603 294 57 lieutenant
800 2603 231 57 général
968 2603 273 57 polonais.
1178 2603 126 57 L.
1241 2603 189 57 sig.,
1367 2603 126 57 au
1409 2603 105 57 mi-

101 2653 304 59 nistre.
323 2653 277 59 Paris,
516 2653 166 59 21
599 2653 332 59 brumaire
848 2653 166 59 an
931 2653 166 59 V.
1014 2653 138 59 1
1069 2653 166 59 p.
1152 2653 304 59 in-fol.
1374 2653 138 59 2
1401 2653 111 59 50

65 2697 181 70 3954.
186 2697 402 70 Dalméras,
527 2697 161 70 chef
628 2697 261 70 d’escadre
829 2697 161 70 sous
930 2697 181 70 Louis
1050 2697 161 70 XIV.
1151 2697 201 70 Quitt.
1292 2697 161 70 aut.
1372 2697 141 70 sig..

109 2762 175 73 sur
209 2762 251 73 parch.
385 2762 150 73 La
460 2762 326 73 signature
710 2762 175 73 est
810 2762 301 73 derrière
1036 2762 150 73 la
1111 2762 351 73 quittance.
1387 2762 125 73 2
1412 2762 100 73 50
