1630 2889
673 40 148 96 —
702 40 177 96 329.

141 129 168 80 Roi,
246 129 272 80 trésorier
455 129 126 80 de
518 129 230 80 France,
685 129 126 80 et
748 129 230 80 général
916 129 126 80 de
979 129 147 80 ses
1062 129 251 80 finances
1251 129 126 80 en
1314 129 126 80 la
1356 129 188 80 généra-

136 200 174 80 lité
245 200 130 80 de
310 200 326 80 Languedoye,
571 200 239 80 établie
744 200 109 80 a
788 200 261 80 Orléans.
983 200 217 80 Quitt.
1135 200 174 80 sig.
1244 200 174 80 (sur
1331 200 195 80 parch.)

80 247 487 57 28
323 247 650 57 nov.
730 247 731 57 1503.
1217 247 406 57 2
1298 247 244 57 »

95 289 183 66 4001.
217 289 183 66 La
339 289 306 66 Moscowa
584 289 143 66 (le
665 289 204 66 prince
808 289 163 66 de),
910 289 245 66 musicien
1094 289 326 66 compositeur.
1359 289 122 66 L.
1420 289 122 66 a.
1460 289 82 66 s.

122 339 225 67 21
234 339 262 67 mai
384 339 337 67 1849.
608 339 187 67 2
683 339 225 67 p.
795 339 337 67 in-8.
1020 339 487 67 Musicale.
1394 339 187 67 2
1432 339 112 67 »

92 380 179 72 4002.
212 380 418 72 Laurentie,
570 380 318 72 littérateur,
828 380 299 72 publiciste.
1067 380 119 72 L.
1127 380 119 72 a.
1187 380 139 72 s.,
1266 380 100 72 à
1306 380 119 72 M.
1346 380 199 72 Nibelle.

122 436 219 59 18
231 436 292 59 mars
413 436 328 59 1838.
632 436 182 59 1
705 436 219 59 p.
814 436 328 59 in-8.
1033 436 474 59 Curieuse.
1397 436 182 59 2
1434 436 109 59 »

93 492 190 63 4003.
219 492 400 63 Lecourbe
557 492 253 63 (J.-F.),
746 492 190 63 frère
873 492 126 63 du
936 492 232 63 général
1104 492 126 63 de
1168 492 126 63 ce
1231 492 169 63 nom,
1336 492 211 63 membre
1463 492 84 63 de

139 542 124 62 la
201 542 165 62 cour
305 542 124 62 de
367 542 228 62 justice
532 542 290 62 criminelle
760 542 124 62 de
822 542 207 62 Paris.
967 542 124 62 Il
1029 542 207 62 siégea
1174 542 165 62 lors
1277 542 124 62 du
1339 542 207 62 procès
1463 542 83 62 du

139 591 238 53 général
312 591 238 53 Moreau,
485 591 130 53 et
550 591 259 53 protesta
744 591 216 53 contre
896 591 130 53 sa
961 591 367 53 condamnation.
1263 591 130 53 L.
1328 591 173 53 aut.
1414 591 130 53 sig.

139 642 469 57 Lons-le-Saunier,
538 642 117 57 4
585 642 352 57 vendémiaire
866 642 141 57 an
937 642 211 57 XIII.
1078 642 117 57 1
1124 642 141 57 p.
1195 642 164 57 pl.
1289 642 211 57 in-4.
1430 642 117 57 2
1453 642 94 57 50

96 679 192 67 4004.
224 679 192 67 Le
352 679 278 67 Gras,
566 679 299 67 secrétaire
800 679 299 67 interprète
1035 679 128 67 en
1099 679 214 67 langue
1249 679 299 67 germanique
1463 679 85 67 au

141 743 185 49 camp
256 743 162 49 des
349 743 231 49 armées
510 743 139 49 du
580 743 185 49 Roi,
695 743 185 49 près
810 743 185 49 Mgr.
926 743 139 49 le
995 743 162 49 duc
1087 743 139 49 de
1157 743 277 49 Mayenne,
1341 743 208 49 lieute-

144 786 331 55 nant-général
413 786 145 55 des
496 786 207 55 armées
640 786 124 55 du
702 786 165 55 Roi.
806 786 207 55 Quitt.
951 786 165 55 sig.
1054 786 165 55 (sur
1157 786 248 55 parch.).
1343 786 103 55 3
1364 786 186 55 février

8 834 1387 58 1576.
933 834 771 58 2
1087 834 462 58 »

99 876 178 64 4005.
218 876 337 64 Levert
496 876 178 64 (Mlle
614 876 238 64 Emilie),
793 876 218 64 actrice
951 876 119 64 du
1011 876 218 64 Théâtre
1169 876 258 64 Français.
1368 876 119 64 L.
1427 876 119 64 a.
1467 876 79 64 s.

126 926 231 63 21
241 926 346 63 sept.
472 926 346 63 1832.
702 926 192 63 1
779 926 231 63 p.
894 926 346 63 in-8.
1125 926 192 63 2
1202 926 308 63 ans-
1394 926 192 63 2
1433 926 115 63 »

96 960 187 80 4006.
221 960 249 80 Louis
407 960 207 80 XV
553 960 145 80 roi
635 960 124 80 de
698 960 228 80 France.
864 960 124 80 1°
926 960 124 80 L.
988 960 166 80 aut.
1092 960 187 80 sig.,
1216 960 104 80 à
1258 960 124 80 M.
1320 960 124 80 de
1382 960 124 80 La
1424 960 124 80 Tou

143 1029 165 49 che.
247 1029 227 49 Choisv,
412 1029 124 49 19
474 1029 165 49 juin
577 1029 186 49 1752.
701 1029 103 49 1
743 1029 124 49 p.
805 1029 145 49 pl.
888 1029 124 49 et
950 1029 186 49 quart
1074 1029 186 49 in-4.
1198 1029 103 49 —
1239 1029 124 49 2°
1301 1029 207 49 Quatre
1425 1029 124 49 let-

136 1076 213 46 tres
270 1076 160 46 en
349 1076 346 46 chiffres,
616 1076 160 46 de
696 1076 160 46 la
776 1076 213 46 main
909 1076 160 46 du
989 1076 213 46 Roi.
1122 1076 133 46 4
1175 1076 160 46 p.
1255 1076 240 46 in-4.
1415 1076 160 46 65
1468 1076 80 46 »

191 1108 124 66 La
253 1108 206 66 lettre
397 1108 144 66 est
480 1108 247 66 relative
665 1108 144 66 aux
747 1108 226 66 lettres
912 1108 268 66 chiffrées
1118 1108 268 66 adressées
1324 1108 144 66 par
1406 1108 124 66 le
1447 1108 103 66 Roi

144 1173 110 71 à
188 1173 132 71 M.
254 1173 132 71 de
320 1173 308 71 Tirconnel,
562 1173 132 71 et
628 1173 154 71 aux
716 1173 352 71 instructions
1001 1173 264 71 secrètes
1199 1173 198 71 qu’il
1331 1173 154 71 lui
1397 1173 154 71 avait

116 1213 248 64 données.

98 1247 192 102 4007.
226 1247 256 102 Louis
418 1247 256 102 XVI
610 1247 150 102 roi
696 1247 128 102 de
760 1247 235 102 France.
931 1247 192 102 Ordre
1059 1247 128 102 de
1123 1247 256 102 paiement
1315 1247 192 102 sig.,
1422 1247 128 102 avec

142 1310 138 57 le
211 1310 161 57 mot
303 1310 323 57 Bon
557 1310 184 57 aut.
672 1310 231 57 Paris,
833 1310 138 57 30
903 1310 184 57 déc.
1018 1310 207 57 1790.
1156 1310 115 57 1
1202 1310 138 57 p.
1271 1310 254 57 in-fol.
1456 1310 115 57 5
1479 1310 69 57 »

190 1354 170 92 Pour
296 1354 128 92 le
360 1354 255 92 paiement
551 1354 128 92 de
615 1354 128 92 6,
679 1354 170 92 720,
785 1354 149 92 594
870 1354 170 92 liv.
977 1354 106 92 4
1019 1354 170 92 sous
1126 1354 106 92 3
1168 1354 255 92 deniers,
1360 1354 170 92 pour
1445 1354 106 92 les

143 1401 259 64 dépenses
338 1401 151 64 des
424 1401 173 64 îles
532 1401 129 64 de
596 1401 216 64 France
747 1401 129 64 et
812 1401 129 64 de
877 1401 259 64 Bourbon,
1071 1401 129 64 de
1114 1401 151 64 1789.

98 1441 184 71 4008.
220 1441 245 71 Louis
404 1441 286 71 XVII,
629 1441 143 71 roi
711 1441 123 71 de
772 1441 225 71 France.
936 1441 143 71 Bon
1017 1441 123 71 de
1079 1441 184 71 mille
1201 1441 204 71 livres
1345 1441 204 71 (vert)
1467 1441 82 71 de

145 1511 262 51 l'armée
351 1511 262 51 catholique
557 1511 112 51 et
613 1511 187 51 royale
744 1511 112 51 de
800 1511 318 51 Bretagne
1062 1511 94 51 à
1100 1511 243 51 l’effigie
1287 1511 112 51 du
1343 1511 168 51 jeune
1437 1511 112 51 roi.

143 1557 128 71 N°
207 1557 149 71 31.
292 1557 192 71 Bonne
420 1557 362 71 conservation.
718 1557 149 71 Les
803 1557 298 71 signatures
1038 1557 149 71 ont
1123 1557 149 71 été
1208 1557 277 71 grattées.
1400 1557 149 71 Rare,

115 1608 297 55 de
263 1608 594 55 mille
708 1608 742 55 livres
1302 1608 297 55 20
1401 1608 148 55 »

95 1643 211 64 4009.
235 1643 305 64 Louvet
470 1643 141 64 de
540 1643 352 64 Couvray
822 1643 352 64 (Lodoïska),
1103 1643 211 64 femme
1244 1643 141 64 du
1314 1643 235 64 député
1455 1643 94 64 du

143 1702 328 60 Loiret
413 1702 96 60 à
451 1702 116 60 la
509 1702 270 60 convention
721 1702 270 60 nationale.
933 1702 116 60 L.
991 1702 154 60 aut.
1087 1702 174 60 sig.,
1203 1702 96 60 à
1242 1702 116 60 M.
1299 1702 174 60 Bosc,
1396 1702 154 60 membre

138 1746 143 60 de
210 1746 358 60 l’Institut.
496 1746 239 60 Chamy,
663 1746 143 60 18
735 1746 263 60 octobre
926 1746 215 60 1813.
1069 1746 119 60 3
1117 1746 143 60 p.
1189 1746 167 60 pl.
1284 1746 215 60 in-4.
1428 1746 143 60 10
1475 1746 72 60 »

189 1785 206 62 Lettre
334 1785 330 62 intéressante
602 1785 247 62 relative
787 1785 103 62 à
828 1785 144 62 son
911 1785 186 62 fils,
1035 1785 227 62 exempté
1200 1785 124 62 du
1261 1785 227 62 service
1406 1785 144 62 mili-

144 1842 194 55 taire,
279 1842 116 55 et
337 1842 97 55 à
376 1842 136 55 ses
453 1842 232 55 affaires
628 1842 116 55 de
666 1842 194 55 famille.

99 1867 179 104 4010.
218 1867 417 104 Lutteroth
575 1867 218 104 général
734 1867 198 104 russe.
873 1867 119 104 L.
933 1867 159 104 aut.
1032 1867 179 104 sig.,
1151 1867 99 104 à
1191 1867 119 104 M.
1250 1867 119 104 de
1290 1867 258 104 Rouquairol.

121 1946 260 59 25
251 1946 433 59 avril.
554 1946 217 59 1
641 1946 260 59 p.
771 1946 390 59 in-8.
1031 1946 477 59 Cachet.
1378 1946 217 59 2
1421 1946 130 59 »

98 1990 189 65 4011.
224 1990 358 65 Manuel
519 1990 400 65 (Pierre-Louis),
856 1990 274 65 procureur
1066 1990 126 65 de
1129 1990 126 65 la
1192 1990 231 65 commune
1361 1990 126 65 de
1403 1990 147 65 Paris

141 2040 132 60 en
207 2040 197 60 1792,
338 2040 395 60 conventionnel.
668 2040 132 60 Né
733 2040 132 60 en
799 2040 197 60 1751,
931 2040 154 60 mis
1019 2040 110 60 à
1062 2040 175 60 mort
1172 2040 132 60 en
1238 2040 197 60 1793.
1370 2040 132 60 L.
1413 2040 132 60 sig.

138 2096 252 62 Paris,
314 2096 126 62 8
364 2096 227 62 avril
516 2096 227 62 1792.
667 2096 126 62 1
717 2096 151 62 p.
793 2096 151 62 et
868 2096 227 62 quart
1019 2096 227 62 in-4.
1170 2096 327 62 Vignette.
1422 2096 126 62 2
1447 2096 101 62 50

97 2137 198 72 4012.
229 2137 440 72 Marchand
603 2137 198 72 valet
735 2137 132 72 de
801 2137 242 72 chambre
976 2137 132 72 de
1042 2137 264 72 Napoléon
1240 2137 110 72 à
1262 2137 286 72 Ste

114 2196 297 57 L.
262 2196 395 57 aut.
509 2196 395 57 sig.
756 2196 247 57 1
855 2196 297 57 p.
1003 2196 445 57 in-8.
1300 2196 247 57 1
1349 2196 198 57 50

100 2248 189 58 4013.
226 2248 378 58 Mayenne
541 2248 252 58 (Charles
730 2248 126 58 de
793 2248 273 58 Lorraine,
1004 2248 147 58 duc
1088 2248 168 58 de).
1193 2248 126 58 Sa
1256 2248 273 58 signature
1445 2248 105 58 sur

142 2286 138 67 un
211 2286 207 67 ordre
349 2286 138 67 de
419 2286 300 67 paiement.
649 2286 207 67 1593.
787 2286 207 67 Pièce
926 2286 161 67 sur
1018 2286 254 67 parch.,
1202 2286 346 67 incomplète,
1456 2286 92 67 le

137 2345 259 54 quart
310 2345 259 54 ayant
482 2345 201 54 été
598 2345 259 54 coupé
770 2345 144 54 à
828 2345 173 54 la
914 2345 259 54 marge
1087 2345 432 54 extérieure.
1432 2345 144 54 2
1461 2345 86 54 »

100 2388 195 74 4014.
230 2388 389 74 Maynard
554 2388 324 74 (François),
814 2388 216 74 poëte,
965 2388 216 74 membre
1117 2388 130 74 de
1181 2388 303 74 l’académie
1398 2388 151 74 fran

142 2441 223 67 çaise.
298 2441 268 67 Fragment
499 2441 179 67 aut.
610 2441 134 67 de
677 2441 134 67 la
744 2441 223 67 minute
901 2441 134 67 de
968 2441 134 67 la
1035 2441 268 67 dédicace
1235 2441 134 67 de
1302 2441 156 67 ses
1369 2441 179 67 œuvres

127 2509 231 44 au
242 2509 461 44 cardinal
588 2509 461 44 Mazarin.
933 2509 192 44 2
1010 2509 231 44 p.
1125 2509 346 44 in-4.
1356 2509 231 44 25
1433 2509 115 44 »

99 2544 192 68 4015.
227 2544 405 68 Méchain,
568 2544 299 68 astronome.
803 2544 213 68 Billet
952 2544 128 68 de
1016 2544 107 68 4
1058 2544 213 68 lignes
1208 2544 171 68 aut.
1314 2544 171 68 sig.
1421 2544 128 68 (à
1464 2544 85 68 la

143 2593 126 62 3e
206 2593 293 62 personne),
436 2593 105 62 à
478 2593 126 62 M.
541 2593 209 62 Didot.
687 2593 105 62 A
729 2593 398 62 l’Observatoire,
1064 2593 126 62 23
1127 2593 230 62 février
1295 2593 188 62 1789.
1399 2593 147 62 In

143 2636 138 59 en
212 2636 276 59 travers.
419 2636 230 59 Notice
579 2636 390 59 biographique,
901 2636 184 59 aut.
1016 2636 138 59 de
1085 2636 230 59 l’abbé
1245 2636 138 59 de
1291 2636 253 59 Fontenav.

50 2686 1265 65 in-fol.
970 2686 575 65 2
1085 2686 460 65 50

98 2731 210 84 4016.
238 2731 724 84 Metternich-Winneburg
892 2731 164 84 (le
985 2731 234 84 prince
1149 2731 187 84 de),
1266 2731 257 84 premier
1429 2731 117 84 mi
