1668 2871
745 19 256 98 330
855 19 110 98 —

149 104 206 88 nistre
294 104 124 88 de
356 104 247 88 l’empire
541 104 309 88 d’Autriche.
788 104 186 88 Pièce
912 104 165 88 sig.
1015 104 144 88 (en
1098 104 289 88 allemand).
1324 104 186 88 1840.
1448 104 103 88 1
1469 104 82 88 p.

136 182 203 51 et
238 182 304 51 demie
440 182 371 51 in-fol.
710 182 371 51 Cachet.
980 182 304 51 Belle
1183 182 338 51 pièce.
1419 182 169 51 3
1453 182 101 51 »

98 220 190 74 4017.
224 220 337 74 Monge
498 220 295 74 (Gaspard),
730 220 379 74 conventionnel.
1046 220 190 74 Ordre
1172 220 126 74 de
1235 220 253 74 payement
1404 220 147 74 sig.,

150 268 127 61 et
213 268 170 61 aut.
320 268 170 61 sig.
426 268 127 61 de
490 268 319 61 Berthollet.
745 268 127 61 Au
808 268 212 61 Caire,
957 268 127 61 le
1021 268 127 61 29
1085 268 276 61 thermidor
1297 268 127 61 an
1361 268 149 61 VI.
1446 268 106 61 1
1467 268 85 61 p.

16 329 1384 58 in-4.
939 329 769 58 6
1093 329 461 58 »

196 363 178 68 Pour
307 363 156 68 les
396 363 267 68 dépenses
597 363 111 68 à
641 363 200 68 faire
775 363 134 68 au
841 363 200 68 Caire
975 363 156 68 aux
1064 363 245 68 maisons
1242 363 134 68 et
1309 363 245 68 jardins
1465 363 89 68 de

135 420 238 64 l’Institut.

101 453 190 79 4018.
227 453 485 79 Montgaillard
649 453 422 79 (Maurice-Jacques
1008 453 232 79 Roques,
1176 453 190 79 comte
1303 453 169 79 de),
1387 453 169 79 publi

153 526 195 51 ciste,
290 526 176 51 frère
407 526 117 51 de
466 526 195 51 l’abbé
602 526 117 51 de
661 526 332 51 Montgaillard.
934 526 117 51 Né
993 526 98 51 à
1032 526 371 51 Toulouse
1325 526 234 51 (Haute-

149 575 249 50 ronne),
330 575 136 50 L.
398 575 181 50 aut.
511 575 204 50 sig.,
647 575 113 50 à
692 575 249 50 Mgr....
873 575 226 50 Paris,
1032 575 136 50 22
1100 575 181 50 juin
1213 575 204 50 1814.
1348 575 113 50 1
1394 575 158 50 gr.
1462 575 90 50 p.

60 605 1268 81 in-fol.
982 605 576 81 3
1097 605 461 81 50

201 656 126 72 Au
264 656 189 72 sujet
390 656 126 72 de
454 656 337 72 l’impression
727 656 126 72 de
790 656 147 72 ses
875 656 337 72 publications
1127 656 274 72 politiques.

106 681 189 86 4019.
232 681 400 86 Monthion
569 681 189 86 (de),
695 681 273 86 fondateur
905 681 147 86 des
989 681 168 86 prix
1094 681 126 86 de
1157 681 231 86 vertus.
1326 681 126 86 1°
1389 681 126 86 L.
1431 681 126 86 sig.

156 752 198 62 Paris,
295 752 99 62 4
334 752 198 62 sept,.
473 752 178 62 1761.
592 752 99 62 1
631 752 119 62 p.
690 752 178 62 in-4.
809 752 99 62 —
849 752 119 62 2°
908 752 119 62 L.
967 752 158 62 aut.
1066 752 119 62 19
1126 752 178 62 mars.
1244 752 99 62 1
1284 752 119 62 p.
1343 752 178 62 in-4.
1462 752 99 62 2
1482 752 79 62 50

108 806 182 54 4020.
229 806 403 54 Montholon
572 806 262 54 (François
773 806 161 54 de),
874 806 222 54 général
1036 806 121 54 de
1096 806 242 54 brigade.
1278 806 121 54 L.
1338 806 161 54 aut.
1419 806 141 54 sig.,

157 854 105 68 à
199 854 293 68 l’empereur
429 854 272 68 Napoléon.
638 854 125 68 22
701 854 146 68 mai
784 854 188 68 1812.
910 854 105 68 1
952 854 146 68 gr.
1035 854 125 68 p.
1098 854 125 68 et
1161 854 188 68 demie
1286 854 230 68 in-fol,
1453 854 105 68 3
1474 854 84 68 50

205 901 222 60 Exposé
360 901 133 60 de
427 901 155 60 ses
516 901 222 60 droits
671 901 178 60 pour
782 901 244 60 obtenir
960 901 133 60 la
1026 901 311 60 décoration
1270 901 133 60 de
1337 901 133 60 la
1381 901 178 60 légion

158 940 297 74 d’honneur.
391 940 191 74 Entré
518 940 127 74 au
582 940 233 74 service
752 940 127 74 en
815 940 191 74 1748,
943 940 127 74 il
1006 940 191 74 était
1134 940 424 74 officier-général
1473 940 85 74 en

156 996 195 62 1792.
286 996 130 62 Il
352 996 108 62 a
395 996 304 62 maintenant
634 996 130 62 80
699 996 152 62 ans
785 996 130 62 et
850 996 108 62 9
872 996 152 62 mois.

109 1040 193 69 4021.
237 1040 428 69 Montholon
601 1040 150 69 (le
687 1040 257 69 général,
880 1040 236 69 comte),
1051 1040 278 69 compagnon
1265 1040 214 69 d’exil
1415 1040 129 69 de
1458 1040 107 69 Na-

157 1080 210 73 poléon
304 1080 105 73 à
346 1080 379 73 Sainte-Hélène.
662 1080 126 73 L.
725 1080 168 73 aut.
830 1080 168 73 sig.
935 1080 126 73 31
998 1080 168 73 déc.
1103 1080 189 73 1851.
1230 1080 105 73 1
1272 1080 126 73 p.
1335 1080 189 73 in-8.
1461 1080 105 73 2
1482 1080 84 73 50

110 1137 198 70 4022.
242 1137 286 70 Morard
462 1137 132 70 de
529 1137 286 70 Galle
749 1137 154 70 (le
837 1137 242 70 comte),
1013 1137 397 70 contre-amiral,
1322 1137 242 70 sénateur.

153 1194 163 50 L.
234 1194 217 50 aut.
370 1194 217 50 sig.
506 1194 271 50 Paris,
696 1194 136 50 6
750 1194 271 50 nivôse
940 1194 163 50 an
1021 1194 217 50 XII.
1157 1194 136 50 1
1211 1194 163 50 p.
1293 1194 244 50 in-4.
1455 1194 136 50 2
1483 1194 81 50 »

113 1229 187 70 4023.
238 1229 332 70 Murat
508 1229 768 70 (Napoléon-Achille-Charles-Louis),
1213 1229 208 70 prince
1358 1229 187 70 royal
1462 1229 104 70 des

161 1281 351 59 Deux-Siciles.
450 1281 124 59 Né
512 1281 124 59 le
574 1281 124 59 21
636 1281 227 59 janvier
801 1281 186 59 1801,
925 1281 165 59 Mort
1028 1281 124 59 le
1090 1281 124 59 15
1152 1281 186 59 avril
1276 1281 186 59 1847.
1400 1281 124 59 L.
1441 1281 124 59 aut.

161 1331 192 76 sig.,
288 1331 106 76 à
331 1331 128 76 M.
395 1331 128 76 le
459 1331 256 76 comte...
650 1331 256 76 Londres,
842 1331 106 76 2
885 1331 192 76 sept.
1012 1331 192 76 1839.
1140 1331 106 76 2
1183 1331 149 76 gr.
1268 1331 128 76 p.
1332 1331 192 76 in-4.
1460 1331 128 76 10
1502 1331 64 76 »

210 1374 136 59 Le
278 1374 249 59 nouveau
459 1374 249 59 malheur
640 1374 158 59 qui
731 1374 204 59 vient
867 1374 136 59 de
934 1374 136 59 le
1002 1374 249 59 frapper
1183 1374 136 59 le
1251 1374 226 59 ramène
1387 1374 181 59 encore

163 1429 142 55 une
244 1429 163 55 fois
346 1429 122 55 en
407 1429 224 55 Europe.
570 1429 122 55 Il
631 1429 142 55 est
712 1429 224 55 presque
875 1429 346 55 indispensable
1160 1429 163 55 pour
1262 1429 183 55 leurs
1363 1429 204 55 affaires

163 1467 120 61 de
223 1467 221 61 famille
384 1467 181 61 qu’il
504 1467 201 61 revoie
645 1467 141 61 ses
725 1467 181 61 sœurs
845 1467 161 61 dont
946 1467 120 61 il
1006 1467 141 61 est
1086 1467 201 61 séparé
1227 1467 201 61 depuis
1367 1467 120 61 17
1407 1467 161 61 ans...

160 1527 130 58 Il
225 1527 173 58 faut
334 1527 173 58 donc
442 1527 195 58 qu’il
572 1527 260 58 obtienne
767 1527 130 58 du
832 1527 347 58 gouvernement
1113 1527 260 58 français
1286 1527 282 58 l’autorisa-

164 1568 165 59 tion
268 1568 124 59 de
329 1568 268 59 traverser
536 1568 124 59 la
598 1568 268 59 France...
804 1568 124 59 Il
866 1568 124 59 le
928 1568 165 59 prie
1031 1568 165 59 donc
1135 1568 124 59 de
1196 1568 186 59 faire
1320 1568 248 59 parvenir
1485 1568 83 59 sa

158 1623 260 70 demande
348 1623 142 70 au
395 1623 189 70 roi...

114 1640 185 96 4024.
238 1640 328 96 Myron
504 1640 308 96 (François),
750 1640 287 96 conseiller
976 1640 123 96 du
1038 1640 164 96 roi,
1140 1640 267 96 trésorier
1345 1640 226 96 général
1489 1640 82 96 de

151 1720 363 60 France.
415 1720 330 60 Quitt,
646 1720 264 60 sig.
811 1720 264 60 (sur
976 1720 363 60 parch.)
1240 1720 297 60 1590.
1438 1720 165 60 2
1471 1720 99 60 »

115 1764 204 90 4025.
251 1764 498 90 Montmorency
681 1764 294 90 (François
908 1764 181 90 de),
1021 1764 181 90 abbé
1134 1764 136 90 de
1202 1764 272 90 Molesme.
1383 1764 181 90 Quitt.

133 1827 411 49 sig.
389 1827 411 49 (sur
646 1827 565 49 parch.)
1057 1827 462 49 1620.
1366 1827 257 49 2
1417 1827 154 49 »

115 1868 182 60 4026.
236 1868 445 60 Montmorency
620 1868 243 60 (Georges
802 1868 162 60 de),
904 1868 202 60 quitt.
1045 1868 162 60 sig.
1146 1868 162 60 (sur
1247 1868 182 60 par.)
1369 1868 182 60 1651.
1490 1868 101 60 2
1510 1868 61 60 »

117 1933 182 59 4027.
238 1933 445 59 Montmorency
622 1933 263 59 (François
824 1933 162 59 de),
925 1933 121 59 et
986 1933 182 59 Marie
1107 1933 121 59 de
1148 1933 424 59 Montmorency

145 1977 407 62 Quitt.
430 1977 326 62 sig,
634 1977 326 62 (sur
837 1977 448 62 parch.)
1163 1977 366 62 1658.
1407 1977 204 62 2
1448 1977 122 62 »

118 2021 196 79 4028.
249 2021 478 79 Montmorency
662 2021 196 79 (Léon
792 2021 174 79 de),
901 2021 304 79 chevalier,
1140 2021 239 79 premier
1314 2021 196 79 baron
1423 2021 152 79 chré

168 2080 178 58 tien,
287 2080 119 58 en
346 2080 217 58 France,
504 2080 119 58 et
564 2080 158 58 dame
663 2080 376 58 Marie-Madeleine
979 2080 119 58 de
1038 2080 336 58 l’Estoille
1315 2080 119 58 de
1355 2080 217 58 Mont

165 2118 433 64 briseuil
534 2118 152 64 son
620 2118 238 64 épouse.
793 2118 217 64 Quitt.
945 2118 173 64 sig.
1053 2118 173 64 (sur
1162 2118 238 64 parch.)
1335 2118 195 64 1704.
1465 2118 108 64 2
1486 2118 87 64 50

118 2179 205 74 4029.
255 2179 410 74 Montmorency
596 2179 319 74 Robecq
847 2179 159 74 (le
938 2179 228 74 prince
1097 2179 182 74 de),
1211 2179 137 74 L.
1279 2179 182 74 aut.
1393 2179 205 74 sig.,
1507 2179 68 74 à

153 2230 270 72 M...
322 2230 405 72 Bayonne,
626 2230 169 72 5
693 2230 236 72 mai
828 2230 304 72 1725.
1031 2230 203 72 4.
1132 2230 203 72 p.
1233 2230 304 72 in-4.
1436 2230 169 72 6
1470 2230 101 72 »

217 2280 206 55 Lettre
362 2280 329 55 intéressante
629 2280 144 55 sur
711 2280 268 55 l’arrivée
917 2280 268 55 prochaine
1123 2280 124 55 de
1185 2280 124 55 la
1247 2280 185 55 reine
1350 2280 226 55 d’Espagne

167 2311 105 80 à
209 2311 126 80 la
272 2311 273 80 frontière
482 2311 126 80 de
545 2311 231 80 France.
713 2311 273 80 «L’entrée
923 2311 126 80 de
986 2311 273 80 l’Infante
1196 2311 126 80 en
1259 2311 231 80 Espagne
1406 2311 168 80 déter-

168 2367 235 73 «minera
339 2367 128 73 le
403 2367 171 73 jour
510 2367 128 73 de
574 2367 214 73 nostre
724 2367 214 73 départ
873 2367 214 73 d’icy.
1023 2367 128 73 M.
1087 2367 128 73 le
1151 2367 235 73 marquis
1322 2367 128 73 de
1365 2367 214 73 St

168 2416 274 77 «presse
367 2416 149 77 sa
417 2416 299 77 marche...»

120 2472 193 69 4030.
248 2472 472 69 Montmorency
656 2472 150 69 (le
742 2472 279 69 chevalier
956 2472 172 69 de).
1063 2472 129 69 L.
1128 2472 172 69 aut.
1235 2472 193 69 sig.,
1364 2472 107 69 à
1406 2472 129 69 M.
1449 2472 129 69 Bou

171 2519 211 60 logne,
318 2519 105 60 à
360 2519 316 60 Versailles.
613 2519 211 60 Paris,
761 2519 147 60 1er
845 2519 190 60 avril
971 2519 190 60 1726,
1098 2519 105 60 2
1140 2519 126 60 p.
1203 2519 190 60 in-4.
1329 2519 232 60 Cachet.
1477 2519 105 60 Cu-

143 2568 479 66 rieuse
478 2568 335 66 par
670 2568 814 66 l’ortographe.
1341 2568 239 66 3
1388 2568 192 66 50

124 2620 187 56 4031.
249 2620 478 56 Miontmorency
665 2620 187 56 (de).
790 2620 125 56 L.
852 2620 166 56 aut.
956 2620 187 56 sig.,
1081 2620 104 56 à
1122 2620 125 56 M.
1185 2620 125 56 de
1247 2620 270 56 Basetier,
1434 2620 146 56 valet

175 2676 130 51 de
240 2676 238 51 chambre
414 2676 130 51 du
479 2676 173 51 roi,
587 2676 130 51 et
652 2676 282 51 concierge
868 2676 130 51 de
933 2676 152 51 son
1020 2676 238 51 château
1193 2676 130 51 de
1258 2676 130 51 la
1323 2676 217 51 Meute,
1475 2676 108 51 à
1496 2676 87 51 la

168 2712 308 84 Meute.
384 2712 308 84 Paris,
599 2712 185 84 23
691 2712 246 84 nov.
845 2712 154 84 2
907 2712 185 84 p.
999 2712 277 84 in-8.
1184 2712 339 84 Cachet.
1430 2712 154 84 2
1461 2712 123 84 50
