1558 2870
631 22 223 96 334

70 125 198 80 4032.
202 125 483 80 Montmorency
619 125 461 80 (Alexandre-Joseph
1015 125 176 80 de),
1125 125 220 80 Quitt,
1278 125 176 80 sig.
1366 125 154 80 1749.

49 182 460 53 1
233 182 552 53 p.
509 182 828 53 in-4.
1061 182 460 53 1
1153 182 368 53 50

74 218 186 77 4033.
198 218 475 77 Montmorency,
612 218 145 77 duc
694 218 269 77 d’Olonne.
901 218 124 77 L.
963 218 165 77 aut.
1066 218 186 77 sig.,
1190 218 103 77 à
1232 218 124 77 M.
1273 218 248 77 Patenôtre.

119 277 517 54 Châtillon-sur-Loing,
572 277 129 54 le
636 277 129 54 19
701 277 172 54 nov.
808 277 194 54 1760.
938 277 108 54 2
981 277 129 54 p.
1045 277 151 54 pl.
1131 277 194 54 in-4.
1261 277 237 54 Cachet.
1433 277 108 54 3
1454 277 65 54 »

74 314 191 67 4034.
201 314 468 67 Montmorency
605 314 149 67 (le
691 314 191 67 comte
818 314 170 67 de).
924 314 128 67 L.
988 314 170 67 aut.
1095 314 191 67 sig.,
1222 314 106 67 à
1265 314 170 67 M...
1350 314 170 67 Paris,

92 364 231 72 3
184 364 369 72 juin
415 364 415 72 1761.
691 364 231 72 1
783 364 277 72 p.
922 364 415 72 in-4.
1198 364 231 72 5
1291 364 231 72 2
1337 364 184 72 50

71 420 195 55 4035.
201 420 497 55 Montmorency,
634 420 151 55 duc
720 420 130 55 de
785 420 346 55 Boutteville.
1066 420 130 55 L.
1131 420 173 55 aut.
1239 420 195 55 sig.,
1369 420 108 55 à
1390 420 130 55 M...

107 459 317 71 Château
338 459 173 71 de
424 459 374 71 Doullens,
712 459 144 71 8
769 459 230 71 juin
913 459 259 71 1762.
1086 459 144 71 1
1144 459 173 71 p.
1230 459 259 71 in-4.
1403 459 144 71 3
1432 459 86 71 »

162 511 254 67 Mourant
346 511 138 67 de
416 511 138 67 la
485 511 300 67 poitrine,
716 511 185 67 sans
831 511 161 67 nul
923 511 254 67 secours
1108 511 185 67 pour
1223 511 277 67 diminuer
1408 511 115 67 ses

116 556 310 77 souffrances
364 556 351 77 continuelles,
653 556 124 77 il
715 556 227 77 demande
880 556 144 77 les
963 556 206 77 effets
1107 556 124 77 de
1169 556 124 77 la
1231 556 186 77 grâce
1355 556 186 77 qu’il
1458 556 62 77 a

84 606 292 64 demandée.

69 631 189 92 4036.
195 631 441 92 Montmorency
573 631 210 92 prince
720 631 126 92 de
783 631 231 92 Robecq.
952 631 126 92 L.
1015 631 168 92 aut.
1120 631 189 92 sig.,
1246 631 105 92 à
1288 631 126 92 M.
1330 631 189 92 Bignon,

114 708 213 51 prévôt
263 708 149 51 des
348 708 277 51 marchands
561 708 128 51 de
624 708 128 51 la
688 708 191 51 ville
816 708 128 51 de
880 708 213 51 Paris.
1029 708 213 51 Paris,
1178 708 106 51 4
1220 708 234 51 janvier
1369 708 149 51 1771.

83 756 248 46 1
183 756 297 46 p.
331 756 347 46 pl.
529 756 297 46 et
678 756 446 46 demie
975 756 446 46 in-4.
1272 756 248 46 2
1322 756 198 46 50

66 797 198 68 4037.
198 797 617 68 Montmorency-Laval
749 797 375 68 (Louis-Joseph
1058 797 176 68 de),
1168 797 220 68 évêque
1323 797 132 68 de
1367 797 154 68 Metz,

112 852 189 72 grand
238 852 252 72 aumônier
427 852 126 72 de
489 852 231 72 France.
657 852 126 72 L.
720 852 168 72 aut.
825 852 189 72 sig.,
951 852 105 72 à
993 852 168 72 M...
1098 852 210 72 Paris,
1244 852 105 72 2
1286 852 168 72 mars
1370 852 147 72 1775.

40 899 462 69 2
224 899 555 69 p.
502 899 832 69 in-4.
1057 899 462 69 2
1149 899 370 69 50

67 940 189 75 4038.
193 940 463 75 Montmorency
593 940 147 75 (le
677 940 147 75 duc
761 940 168 75 de),
867 940 126 75 L.
930 940 168 75 aut.
1035 940 168 75 sig.
1140 940 210 75 Paris,
1288 940 126 75 16
1330 940 189 75 octobre

77 990 499 68 1814.
409 990 721 68 Demi-page
964 990 499 68 in-4.
1296 990 277 68 2
1352 990 166 68 »

66 1025 186 75 4039.
190 1025 455 75 Montmorency
583 1025 227 75 (l’abbé
749 1025 165 75 de),
852 1025 124 75 L.
914 1025 165 75 aut.
1018 1025 186 75 sig.,
1142 1025 103 75 à
1183 1025 124 75 M.
1245 1025 186 75 Lamy.
1349 1025 165 75 Paris,

93 1088 183 58 1
167 1088 219 58 p.
276 1088 365 58 in-18.
532 1088 402 58 Cachet.
824 1088 621 58 Intéressante.
1335 1088 183 58 2
1372 1088 146 58 50

66 1129 195 69 4040.
196 1129 476 69 Montmorency
608 1129 303 69 (Madeleine
846 1129 130 69 de
911 1129 238 69 Sanois,
1084 1129 260 69 duchesse
1279 1129 173 69 de),
1365 1129 152 69 femme

110 1184 136 55 du
178 1184 318 55 connétable
428 1184 182 55 Anne
542 1184 136 55 de
610 1184 363 55 Montmorency.
905 1184 204 55 Pièce
1041 1184 182 55 sig.
1155 1184 182 55 (sur
1268 1184 250 55 parch.)
1427 1184 91 55 et

113 1232 350 52 contre-signée
402 1232 124 52 De
464 1232 124 52 la
526 1232 186 52 Haye.
649 1232 289 52 Chantilly,
876 1232 124 52 25
938 1232 165 52 oct.
1041 1232 186 52 1583.
1165 1232 289 52 Très-belle
1371 1232 144 52 pièce

86 1285 357 56 avec
310 1285 446 56 cachet
622 1285 357 56 bien
845 1285 580 56 conservé.
1292 1285 268 56 10
1381 1285 134 56 »

156 1327 170 73 Elle
262 1327 234 73 commet,
432 1327 234 73 ordonne
602 1327 128 73 et
666 1327 213 73 députe
815 1327 191 73 Denis
942 1327 234 73 Pernot,
1112 1327 170 73 pour
1218 1327 191 73 faire
1346 1327 128 73 et
1388 1327 128 73 exé-

107 1375 204 61 cuter
243 1375 227 61 l’état
402 1375 136 61 et
470 1375 227 61 office
629 1375 499 61 d’huissier-général
1060 1375 136 61 du
1128 1375 204 61 duché
1264 1375 136 61 de
1309 1375 204 61 Montmo-

107 1419 215 59 rency,
237 1419 129 59 etc.

62 1443 195 90 4041.
192 1443 476 90 Montmorency
603 1443 216 90 (Diane
754 1443 130 90 de
819 1443 238 90 France,
992 1443 195 90 fille
1122 1443 130 90 et
1187 1443 173 90 sœur
1273 1443 238 90 légitimée

106 1520 136 53 de
174 1520 204 53 rois,
311 1520 272 53 duchesse
515 1520 363 53 d’Angoulême,
810 1520 272 53 duchesse
1014 1520 182 53 de),
1128 1520 272 53 comtesse
1332 1520 136 53 de
1378 1520 136 53 Pon-

110 1565 197 52 thieu.
248 1565 197 52 Quitt.
386 1565 158 52 avec
485 1565 158 52 deux
584 1565 197 52 lignes
722 1565 158 52 aut.
821 1565 158 52 sig.
919 1565 99 52 2
959 1565 158 52 août
1057 1565 178 52 1600.
1176 1565 99 52 1
1215 1565 118 52 p.
1274 1565 217 52 in-fol.
1432 1565 99 52 4
1452 1565 59 52 »

60 1608 187 61 4042.
185 1608 456 61 Montmorency
578 1608 207 61 (Marie
723 1608 166 61 de),
827 1608 290 61 vicomtesse
1055 1608 124 61 de
1117 1608 207 61 Melun,
1262 1608 124 61 et
1304 1608 207 61 François

106 1664 124 62 de
168 1664 475 62 Montmorency
581 1664 144 62 son
664 1664 186 62 mari.
788 1664 206 62 Quitt.
932 1664 165 62 sig.
1035 1664 165 62 (sur
1138 1664 227 62 parch.)
1304 1664 186 62 1660.
1427 1664 103 62 2
1448 1664 62 62 »

63 1700 197 80 4043.
195 1700 482 80 Montmorency
611 1700 526 80 (Angélique-Élisabeth
1071 1700 131 80 de
1137 1700 241 80 Vienne,
1312 1700 197 80 femme
1421 1700 88 80 de

105 1757 252 58 François
294 1757 168 58 de),
399 1757 189 58 comte
524 1757 126 58 de
587 1757 315 58 Boudeville,
839 1757 210 58 bailly
986 1757 126 58 et
1049 1757 294 58 gouverneur
1279 1757 126 58 de
1321 1757 189 58 Senlis.

76 1808 476 55 Quitt.
410 1808 381 55 sig.
647 1808 381 55 (sur
885 1808 571 55 parch.).
1314 1808 238 55 2
1361 1808 143 55 »

53 1849 230 66 4044.
207 1849 816 66 MontmorencyLuxembourg
921 1849 587 66 (Angélique

100 1905 295 80 princesse
327 1905 182 80 de),
441 1905 204 80 veuve
577 1905 136 80 de
645 1905 227 80 Henri,
804 1905 272 80 légitimé
1008 1905 136 80 de
1077 1905 272 80 Bourbon,
1281 1905 227 80 prince
1417 1905 91 80 de

104 1952 317 60 Neufchâtel
353 1952 136 60 et
421 1952 136 60 de
489 1952 294 60 Valengin.
715 1952 226 60 Quitt.
874 1952 181 60 sig.
987 1952 181 60 (sur
1100 1952 249 60 parch.)
1281 1952 204 60 1700.
1417 1952 113 60 2
1439 1952 68 60 »

59 1990 192 62 4045.
187 1990 469 62 Montmorency
592 1990 426 62 (Marie-Madeleine
954 1990 128 62 de
1018 1990 298 62 l’Estoille
1252 1990 128 62 de
1295 1990 213 62 Montbri

102 2044 216 60 seuil,
254 2044 238 60 baronne
427 2044 173 60 de),
535 2044 194 60 femme
664 2044 130 60 de
729 2044 173 60 Léon
837 2044 130 60 de
902 2044 346 60 Montmorency.
1183 2044 194 60 Quitt
1313 2044 194 60 sig.,
1421 2044 86 60 et

89 2091 269 70 sig.
258 2091 236 70 par
392 2091 236 70 son
527 2091 303 70 mari.
729 2091 269 70 (sur
898 2091 371 70 parch.)
1167 2091 303 70 1704.
1369 2091 168 70 2
1403 2091 101 70 »

55 2138 207 71 4046.
193 2138 644 71 Montmorency-Laval
768 2138 621 71 (Marie-Louise-Angélique
1319 2138 138 71 de
1365 2138 138 71 Bar

100 2184 198 55 berin
232 2184 132 55 de
298 2184 264 55 Reignac,
496 2184 264 55 marquise
694 2184 176 55 de).
804 2184 132 55 1°
869 2184 220 55 Traité
1023 2184 264 55 approuvé
1221 2184 132 55 et
1287 2184 176 55 sig.
1375 2184 132 55 avec

99 2239 151 50 une
186 2239 173 50 dame
294 2239 130 50 de
359 2239 238 50 Balzac.
532 2239 216 50 Paris,
683 2239 130 50 14
748 2239 173 50 mars
856 2239 194 50 1773.
985 2239 108 50 1
1029 2239 130 50 p.
1093 2239 130 50 et
1158 2239 194 50 quart
1288 2239 194 50 in-4.
1396 2239 108 50 Cu-

100 2280 209 63 rieux.
247 2280 105 63 —
288 2280 126 63 2°
351 2280 126 63 L.
414 2280 167 63 aut.
519 2280 167 63 sig.
623 2280 105 63 à
665 2280 167 63 M...
770 2280 314 63 Versailles,
1021 2280 126 63 19
1084 2280 167 63 mars
1188 2280 188 63 1772,
1314 2280 105 63 3
1356 2280 126 63 p.
1397 2280 105 63 pl.

71 2335 444 57 petit
367 2335 493 57 in-18.
712 2335 592 57 Curieux.
1156 2335 296 57 s.
1304 2335 247 57 4
1353 2335 148 57 »

50 2379 214 68 4047.
193 2379 666 68 Montmorency-Laval
788 2379 405 68 (Marie-Louise
1121 2379 190 68 de),
1240 2379 262 68 abbesse
1407 2379 95 68 de

94 2428 346 59 Montmartre,
370 2428 184 59 mise
486 2428 115 59 à
532 2428 184 59 mort
647 2428 253 59 pendant
831 2428 138 59 la
900 2428 346 59 révolution.
1177 2428 138 59 1°
1223 2428 276 59 Nomination

96 2478 176 55 sig.
206 2478 132 55 de
272 2478 286 55 procureur
491 2478 132 55 de
557 2478 264 55 l’abbaye
755 2478 132 55 de
821 2478 308 55 Montmartre
1063 2478 176 55 (sur
1172 2478 220 55 parch.
1326 2478 132 55 en
1370 2478 132 55 mau-

96 2524 173 75 vais
204 2524 216 75 état).
356 2524 194 75 1767.
485 2524 108 75 —
528 2524 130 75 2°
593 2524 130 75 L.
658 2524 173 75 aut.
766 2524 173 75 sig.
874 2524 324 75 Montmartre,
1133 2524 130 75 30
1198 2524 238 75 juillet
1349 2524 151 75 1784.

95 2572 108 58 1
139 2572 130 58 p.
182 2572 151 58 in

47 2589 229 84 4048.
199 2589 866 84 Montmorency-Montmorency
989 2589 280 84 (madame
1193 2589 153 84 la
1244 2589 255 84 duchesse

98 2666 169 58 de).
204 2666 127 58 L.
267 2666 169 58 aut.
373 2666 190 58 sig.,
500 2666 106 58 à
542 2666 169 58 M...
648 2666 212 58 Crécy,
796 2666 148 58 par
881 2666 212 58 Dreux,
1029 2666 127 58 11
1092 2666 233 58 juillet
1261 2666 190 58 1784.
1388 2666 106 58 1
1409 2666 85 58 p.

19 2709 691 88 pl.
414 2709 888 88 in-4.
1006 2709 494 88 2
1105 2709 395 88 50
