1637 2958
669 85 182 101 —
741 85 255 101 332
851 85 109 101 —

102 174 208 101 4049.
240 174 646 101 Montmorency-Laval
817 174 530 101 (Anne-Jeanne-Louise
1278 174 185 101 de),
1370 174 185 101 certi-

148 234 230 53 ficat
301 234 153 53 de
377 234 179 53 vie
479 234 204 53 sig.
607 234 281 53 Brisay,
811 234 128 53 2
862 234 204 53 nov.
989 234 230 53 1791,
1142 234 128 53 1
1193 234 153 53 p.
1270 234 230 53 in-4.
1423 234 128 53 1
1448 234 102 53 50

104 284 207 61 4050.
242 284 506 61 Montmorency
679 284 253 61 (madame
863 284 184 61 de),
978 284 161 61 née
1070 284 138 61 de
1139 284 299 61 Matignon.
1369 284 138 61 L.
1415 284 138 61 aut.

149 334 203 56 sig.,
285 334 136 56 au
353 334 271 56 ministre
556 334 158 56 des
646 334 294 56 finances.
872 334 226 56 Paris,
1030 334 136 56 24
1098 334 181 56 déc.
1211 334 203 56 1806.
1347 334 113 56 1
1392 334 136 56 p.
1437 334 113 56 pl.

35 387 1242 60 in-4.
863 387 690 60 2
1001 387 552 60 50

104 420 195 66 4051.
234 420 476 66 Montmorency
646 420 238 66 (madame
819 420 130 66 la
884 420 281 66 princesse
1100 420 173 66 de).
1209 420 130 66 L.
1274 420 173 66 aut.
1382 420 195 66 sig.,
1490 420 65 66 à

151 478 129 52 M.
216 478 129 52 le
281 478 237 52 vicomte
454 478 129 52 de
518 478 345 52 Montmorency.
799 478 216 52 Paris,
950 478 108 52 6
993 478 173 52 déc.
1101 478 194 52 1815.
1230 478 108 52 2
1273 478 129 52 p.
1338 478 194 52 in-8.
1468 478 108 52 2
1489 478 65 52 »

104 526 192 58 4052.
232 526 469 58 Montmorency
637 526 235 58 (madame
808 526 171 58 de).
914 526 128 58 L.
978 526 171 58 aut.
1085 526 192 58 sig.,
1213 526 107 58 à
1255 526 128 58 M.
1319 526 128 58 le
1362 526 192 58 vicomte

150 578 134 50 de
217 578 357 50 Montmorency.
506 578 267 50 Etampes,
707 578 134 50 26
774 578 178 50 mars
885 578 201 50 1816.
1019 578 111 50 2
1064 578 156 50 gr.
1153 578 134 50 p.
1220 578 201 50 in-4.
1353 578 178 50 Cur.
1465 578 111 50 2
1487 578 67 50 »

104 620 176 70 4053.
222 620 430 70 Montmorency
593 620 215 70 (madame
749 620 117 70 la
808 620 234 70 comtesse
984 620 156 70 de),
1081 620 137 70 née
1159 620 117 70 de
1198 620 352 70 Harchies

154 674 120 50 L.
214 674 160 50 aut.
314 674 180 50 sig.,
434 674 100 50 à
474 674 120 50 M.
533 674 120 50 le
593 674 240 50 comte...
773 674 200 50 Paris,
913 674 120 50 20
973 674 220 50 janvier
1133 674 180 50 1817.
1252 674 100 50 2
1292 674 120 50 p.
1352 674 180 50 in-4.
1472 674 100 50 2
1492 674 60 50 »

99 716 222 55 4054.
248 716 840 55 Montmmorency-Luxembourg
989 716 568 55 (Anne

151 767 207 58 lotte
289 767 184 58 de),
404 767 207 58 femme
541 767 138 58 de
610 767 207 58 Léon,
748 767 161 58 duc
840 767 138 58 de
909 767 367 58 Montmorency.
1208 767 138 58 L.
1276 767 184 58 sig.
1368 767 184 58 Paris,

131 812 231 55 22
246 812 346 55 sept.
477 812 346 55 1818.
707 812 192 55 1
784 812 231 55 p.
899 812 423 55 in-fol.
1207 812 269 55 170
1361 812 192 55 1
1399 812 154 55 50

102 861 181 67 4955.
223 861 442 67 Montmorency
605 861 221 67 (madame
766 861 121 67 la
826 861 241 67 oomtesse
1007 861 161 67 de),
1108 861 141 67 née
1188 861 121 67 de
1228 861 322 67 Luynes

142 916 183 44 L.
234 916 245 44 aut.
387 916 245 44 sig.
540 916 183 44 21
632 916 245 44 nov.
785 916 275 44 1818.
968 916 153 44 1
1029 916 183 44 p.
1121 916 214 44 pl.
1243 916 275 44 in-8.
1427 916 153 44 2
1457 916 92 44 »

105 955 153 56 4056.
207 955 358 56 Moustalon,
514 955 170 56 auteur
633 955 102 56 de
684 955 102 56 la
735 955 221 56 Morale
906 955 119 56 des
974 955 256 56 poètes
1178 955 102 56 du
1229 955 204 56 Lycée
1383 955 102 56 de
1417 955 136 56 la

143 1009 397 63 jeunesse
480 1009 159 63 etc.
579 1009 119 63 L.
639 1009 159 63 aut.
738 1009 159 63 sig.
837 1009 119 63 18
897 1009 218 63 juillet
1055 1009 178 63 1813.
1174 1009 99 63 1
1214 1009 119 63 p.
1273 1009 139 63 pl.
1353 1009 178 63 in-8.
1472 1009 99 63 2
1492 1009 59 63 »

100 1049 179 62 4057.
219 1049 298 62 Napoléon
458 1049 238 62 Ier
636 1049 119 62 1°
696 1049 119 62 Sa
756 1049 258 62 signature
954 1049 218 62 N
1113 1049 119 62 au
1173 1049 139 62 bas
1252 1049 159 62 d’un
1351 1049 199 62 renvoi
1471 1049 79 62 au

150 1109 237 63 ministre
328 1109 138 63 des
407 1109 256 63 finances.
604 1109 177 63 1810.
722 1109 177 63 in-4.
840 1109 99 63 —
880 1109 118 63 2°
939 1109 118 63 Sa
998 1109 256 63 signature
1175 1109 375 63 Bonaparte,

62 1157 1382 46 découpée.
1125 1157 532 46 3
1231 1157 319 46 »

100 1194 184 61 4058.
222 1194 368 61 Natoire
529 1194 429 61 (Charles-Joseph),
897 1194 327 61 dessinateur,
1163 1194 245 61 peintre,
1326 1194 225 61 directeur

148 1255 117 59 de
206 1255 273 59 l’Académie
420 1255 117 59 de
478 1255 195 59 France
615 1255 97 59 à
654 1255 175 59 Rome.
770 1255 117 59 Né
829 1255 97 59 à
868 1255 311 59 Nimes
1121 1255 214 59 (Gard).
1276 1255 117 59 L.
1335 1255 156 59 aut.
1413 1255 136 59 sig.,

144 1292 125 61 à
194 1292 151 61 M.
269 1292 276 61 Antoine
470 1292 326 61 Duchesne.
721 1292 226 61 Rome,
872 1292 151 61 21
947 1292 301 61 décembre
1173 1292 226 61 1751.
1323 1292 125 61 3
1373 1292 151 61 p.
1424 1292 125 61 pl.

27 1348 1245 58 in-4.
857 1348 692 58 7
995 1348 553 58 50

96 1387 187 68 4059.
221 1387 353 68 Naudet
512 1387 270 68 (Joseph),
719 1387 374 68 administrateur
1031 1387 125 68 de
1093 1387 125 68 la
1155 1387 332 68 Bibliothèque
1405 1387 145 68 impé

145 1440 206 59 riale,
290 1440 206 59 membre
434 1440 124 59 de
496 1440 309 59 l’Institut.
743 1440 124 59 L.
805 1440 165 59 aut.
908 1440 165 59 sig.
1011 1440 206 59 Paris,
1155 1440 124 59 12
1217 1440 227 59 février
1382 1440 186 59 1830.
1485 1440 62 59 2

124 1494 244 57 p.
246 1494 366 57 in-4,
490 1494 406 57 Portr.
775 1494 366 57 lith.
1019 1494 447 57 in-fol.
1344 1494 203 57 2
1384 1494 163 57 50

98 1544 173 61 4060.
213 1544 346 61 Nicolo,
502 1544 308 61 compositeur.
752 1544 115 61 1°
810 1544 173 61 Petit
925 1544 192 61 billet
1060 1544 115 61 de
1118 1544 154 61 deux
1214 1544 192 61 lignes
1349 1544 154 61 aut.
1426 1544 115 61 sig.

141 1587 117 54 9
187 1587 188 54 août
305 1587 211 54 1815.
445 1587 117 54 —
492 1587 141 54 20
563 1587 188 54 Deux
680 1587 211 54 pages
821 1587 141 54 de
891 1587 258 54 musique
1079 1587 188 54 aut.
1196 1587 117 54 —
1243 1587 164 54 Son
1337 1587 211 54 album
1454 1587 94 54 de

144 1630 197 69 poche
276 1630 197 69 relié
407 1630 132 69 en
473 1630 263 69 maroquin
670 1630 175 69 avec
780 1630 153 69 des
867 1630 219 69 notes,
1021 1630 132 69 et
1087 1630 153 69 des
1174 1630 197 69 notes
1284 1630 263 69 musicales,

116 1683 247 62 à
214 1683 543 62 l’encre
609 1683 296 62 et
757 1683 296 62 au
905 1683 543 62 crayon.
1300 1683 296 62 10
1399 1683 148 62 »

96 1726 189 68 4061.
222 1726 378 68 Nourrit
537 1726 294 68 (Adolphe),
768 1726 231 68 célèbre
937 1726 252 68 chanteur
1126 1726 126 68 de
1189 1726 252 68 l’Opéra.
1378 1726 126 68 L.
1420 1726 126 68 aut.

146 1771 173 64 sig.,
261 1771 96 64 à
299 1771 192 64 Madame
434 1771 192 64 Duflot
568 1771 250 64 Maillard,
760 1771 96 64 à
798 1771 403 64 Marseille
1144 1771 211 64 Naples,
1297 1771 115 64 29
1336 1771 211 64 septembre

129 1831 327 52 1838.
347 1831 182 52 2
419 1831 218 52 p.
528 1831 254 52 pl.
673 1831 327 52 in-8.
891 1831 327 52 Jolie
1109 1831 399 52 lettre.
1400 1831 182 52 7
1436 1831 109 52 »

191 1872 127 58 Il
254 1872 254 58 voudrait
445 1872 170 58 bien
551 1872 318 58 sincèrement
805 1872 233 58 pouvoir
975 1872 127 58 la
1038 1872 212 58 guider
1187 1872 148 58 par
1272 1872 148 58 ses
1335 1872 212 58 conseils

142 1922 173 62 pour
250 1922 238 62 obtenir
423 1922 130 62 un
488 1922 303 62 engagement
726 1922 130 62 en
791 1922 238 62 Italie.
964 1922 194 62 Mais,
1093 1922 173 62 bien
1201 1922 194 62 qu’il
1331 1922 216 62 habite
1461 1922 86 62 ce

143 1974 170 60 pays
249 1974 213 60 depuis
398 1974 170 60 huit
504 1974 191 60 mois,
632 1974 128 60 il
696 1974 149 60 est
781 1974 191 60 assez
908 1974 149 60 peu
993 1974 213 60 initié
1142 1974 170 60 dans
1248 1974 149 60 les
1333 1974 213 60 usages
1461 1974 85 60 du

142 2010 277 57 théâtre...
360 2010 119 57 Il
419 2010 237 57 faudrait
597 2010 198 57 savoir
735 2010 119 57 si
794 2010 217 57 Rossini
952 2010 138 57 est
1031 2010 99 57 à
1071 2010 198 57 Milan,
1209 2010 119 57 et
1268 2010 138 57 lui
1347 2010 198 57 écrire
1466 2010 79 57 en

141 2060 144 72 lui
224 2060 227 72 faisant
389 2060 268 72 parler.,.
595 2060 248 72 Pourquoi
781 2060 124 72 il
843 2060 124 72 ne
905 2060 165 72 peut
1008 2060 144 72 lui
1090 2060 206 72 donner
1235 2060 124 72 un
1296 2060 144 72 bon
1358 2060 186 72 conseil

142 2114 149 63 sur
227 2114 127 63 sa
269 2114 276 63 profession.

95 2159 175 63 4062.
211 2159 370 63 Noblesse
523 2159 292 63 (Manuscrits
756 2159 136 63 sur
814 2159 117 63 la).

187 2196 128 69 1°
251 2196 213 69 Traité
399 2196 128 69 de
463 2196 128 69 la
527 2196 277 69 noblesse.
740 2196 170 69 Ceux
846 2196 149 69 qui
931 2196 149 69 ont
1016 2196 213 69 escrit
1165 2196 106 69 à
1208 2196 191 69 fonds
1335 2196 128 69 de
1399 2196 128 69 la
1442 2196 106 69 no-

140 2258 207 53 blesse
285 2258 310 53 conviennent
533 2258 227 53 qu’elle
698 2258 269 53 participe
905 2258 124 53 du
967 2258 186 53 droit
1091 2258 248 53 naturel,
1277 2258 124 53 du
1339 2258 186 53 droit
1443 2258 103 53 des

139 2310 182 64 gens
253 2310 136 64 et
321 2310 136 64 du
389 2310 204 64 droit
525 2310 227 64 civil.
684 2310 136 64 29
752 2310 159 64 gr.
843 2310 136 64 p.
911 2310 159 64 pl.
1001 2310 159 64 gr.
1092 2310 250 64 in-fol.
1274 2310 272 64 Écriture
1455 2310 91 64 du

84 2362 693 56 XVIIe
546 2362 846 56 siècle.
1161 2362 385 56 7
1238 2362 308 56 50

185 2390 132 71 2°
251 2390 175 71 Edit
360 2390 153 71 qui
448 2390 263 71 confirme
645 2390 175 71 dans
755 2390 132 71 la
821 2390 285 71 noblesse,
1040 2390 285 71 moyennant
1259 2390 263 71 finance,
1434 2390 110 71 les

139 2441 263 77 annoblis
336 2441 219 77 depuis
490 2441 241 77 l’année
665 2441 175 77 1715
774 2441 131 77 et
840 2441 197 77 leurs
971 2441 350 77 descendants.
1256 2441 219 77 Copie.
1410 2441 110 77 6
1431 2441 110 77 gr.

63 2499 592 59 p.
359 2499 1085 59 in-fol.
1148 2499 493 59 3
1247 2499 296 59 »

188 2539 128 70 3°
252 2539 128 70 De
315 2539 128 70 la
379 2539 276 70 noblesse,
592 2539 149 70 qui
677 2539 170 70 peut
783 2539 170 70 être
889 2539 298 70 considérée
1123 2539 170 70 sous
1229 2539 170 70 deux
1335 2539 170 70 vues
1420 2539 128 70 dif-

139 2589 277 66 férentes,
352 2589 128 66 ou
416 2589 149 66 par
501 2589 234 66 rapport
671 2589 128 66 au
735 2589 192 66 droit
863 2589 234 66 public,
1034 2589 128 66 ou
1098 2589 149 66 par
1183 2589 234 66 rapport
1353 2589 128 66 au
1396 2589 149 66 droit

129 2641 230 62 des
261 2641 625 62 particuliers...
787 2641 197 62 26
886 2641 230 62 gr.
1018 2641 197 62 p.
1116 2641 362 62 in-fol.
1379 2641 165 62 7
1412 2641 132 62 50

185 2685 133 61 4°
251 2685 310 61 Réflexions
495 2685 155 61 sur
584 2685 155 61 les
673 2685 244 61 charges
850 2685 155 61 qui
939 2685 244 61 donnent
1116 2685 133 61 la
1182 2685 288 61 noblesse.
1404 2685 133 61 14
1448 2685 89 61 p.

95 2731 395 68 et
293 2731 592 68 demie
687 2731 723 68 in-fol.
1213 2731 329 68 2
1279 2731 263 68 50

183 2780 141 87 5°
253 2780 258 87 Requête
440 2780 141 87 du
511 2780 305 87 Parlement
745 2780 141 87 de
815 2780 211 87 Paris
956 2780 141 87 au
1026 2780 258 87 régent,
1214 2780 141 87 en
1284 2780 211 87 1722,
1401 2780 141 87 tou
