1998 3149
676 587 337 95 AVIS

280 818 399 86 L’Exposition
604 818 175 86 est
704 818 275 86 ouverte
904 818 200 86 tous
1029 818 175 86 les
1129 818 250 86 jours,
1303 818 150 86 de
1353 818 125 86 dix

233 901 251 71 heures
408 901 150 71 du
484 901 226 71 matin
634 901 125 71 à
684 901 251 71 quatre
860 901 251 71 heures
1035 901 150 71 du
1085 901 176 71 soir.

283 1109 140 82 Ce
353 1109 304 82 catalogue
586 1109 140 82 ne
656 1109 187 82 sera
773 1109 210 82 vendu
913 1109 187 82 qu’à
1030 1109 140 82 la
1100 1109 210 82 porte
1240 1109 140 82 du
1287 1109 187 82 Musée.

276 1299 178 75 Les
377 1299 255 75 cannes
556 1299 153 75 et
632 1299 178 75 les
734 1299 356 75 parapluies
1014 1299 255 75 seront
1192 1299 280 75 déposés
1370 1299 102 75 au

230 1378 293 64 vestiaire
456 1378 226 64 établi
614 1378 113 64 à
659 1378 271 64 l’entrée
862 1378 135 64 du
930 1378 226 64 Musée;
1088 1378 135 64 il
1155 1378 180 64 sera
1268 1378 203 64 remis
1381 1378 90 64 en

227 1437 325 74 échange,
470 1437 189 74 aux
579 1437 379 74 déposants,
876 1437 162 74 un
957 1437 270 74 numéro
1146 1437 325 74 d’ordre.
1363 1437 108 74 Ce

230 1499 219 81 dépôt
376 1499 146 81 ne
449 1499 268 81 donnera
644 1499 195 81 lieu
766 1499 122 81 à
815 1499 244 81 aucune
961 1499 341 81 rétribution.

278 1572 135 72 Il
345 1572 157 72 est
435 1572 270 72 interdit
637 1572 135 72 au
705 1572 292 72 concierge
929 1572 135 72 et
997 1572 157 72 aux
1087 1572 247 72 garçons
1267 1572 135 72 de
1312 1572 157 72 salle

228 1623 152 85 de
304 1623 304 85 recevoir
532 1623 177 85 les
633 1623 456 85 gratifications
1014 1623 177 85 qui
1115 1623 203 85 leur
1216 1623 254 85 seraient

230 1689 274 86 offertes
436 1689 183 86 pour
550 1689 160 86 cet
618 1689 183 86 objet.

278 1770 199 85 (Art.
410 1770 132 85 25
476 1770 132 85 de
543 1770 265 85 l’arrêté
741 1770 287 85 municipal
962 1770 132 85 du
1028 1770 132 85 19
1094 1770 287 85 septembre
1293 1770 176 85 1882.)

279 1976 462 83 Correspondants
675 1976 110 83 à
719 1976 308 83 Paris:
962 1976 154 83 MM.
1050 1976 286 83 GUINCHARD
1270 1976 132 83 et
1314 1976 154 83 FOUR-

226 2050 239 75 NIRET,
393 2050 167 75 rue
489 2050 239 75 Lepic,
632 2050 120 75 11.
