1955 3149
461 434 130 63 110

945 446 311 69 SCULPTURE.

612 543 544 71 MAUGENDRE-VILLERS
1078 543 363 71 (Edouard),
1363 543 155 71 né
1441 543 130 71 à
1467 543 259 71 Gournay-

656 607 246 47 en-Bray
834 607 513 47 (Seine-Inférieure),
1281 607 201 47 élève
1415 607 134 47 de
1481 607 156 47 MM.
1548 607 179 47 Dumont

656 646 126 64 et
719 646 439 64 Carrier-Belleuse;
1095 646 126 64 M.
1158 646 146 64 H.,
1242 646 209 64 Paris;
1388 646 167 64 méd.
1493 646 126 64 de
1556 646 126 64 2e
1597 646 126 64 cl.,

656 682 139 77 E.
725 682 139 77 U.
795 682 139 77 de
865 682 209 77 Nice.
1004 682 116 77 —
1051 682 116 77 A
1097 682 325 77 l’Académie
1353 682 139 77 de
1400 682 325 77 Valenciennes

631 721 206 65 (Nord).

495 770 260 71 960
702 770 208 71 Narcisse
858 770 242 71 (statuette
1031 770 173 71 plâtre).

490 839 293 92 961
725 839 235 92 Portrait
901 839 117 92 de
960 839 117 92 M.
1019 839 215 92 Vernus,
1175 839 274 92 secrétaire
1390 839 137 92 des
1469 839 254 92 Académies
1645 839 78 92 de

654 881 331 75 Valenciennes
924 881 207 75 (buste
1048 881 207 75 plâtre),

1222 917 184 80 Voir
1356 917 84 80 à
1390 917 101 80 la
1423 917 252 80 Peinture

610 999 218 61 MERCIÉ
763 999 305 61 (Antonin),
1003 999 131 61 né
1068 999 109 61 à
1112 999 283 61 Toulouse,
1330 999 196 61 élève
1460 999 131 61 de
1504 999 218 61 Jouffroy

650 1046 142 63 et
721 1046 142 63 de
792 1046 142 63 M.
863 1046 332 63 Falguière;
1124 1046 189 63 prix
1242 1046 142 63 de
1313 1046 213 63 Rome,
1456 1046 213 63 1868;
1574 1046 142 63 méd.

655 1082 154 67 Ire
743 1082 177 67 cl.,
854 1082 199 67 1872,
1008 1082 199 67 1872;
1140 1082 154 67 méd
1229 1082 243 67 d’hon.,
1405 1082 177 67 1874
1515 1082 132 67 et
1560 1082 154 67 1878,

654 1121 120 67 E.
714 1121 140 67 U.,
794 1121 120 67 O.
855 1121 181 67 1879;
975 1121 181 67 H.
1095 1121 201 67 C.
1236 1121 100 67 —
1276 1121 261 67 Boulevard
1476 1121 120 67 de
1516 1121 201 67 l’Obser-

652 1165 239 65 vatoire,
831 1165 139 65 15,
891 1165 159 65 Paris.

484 1213 308 70 962
731 1213 247 70 Portrait
916 1213 123 70 de
977 1213 123 70 M.
1039 1213 226 70 Maillet
1203 1213 123 70 du
1265 1213 247 70 Boullay,
1450 1213 267 70 directeur
1635 1213 82 70 du

651 1265 195 67 Musée
781 1265 369 67 départemental
1085 1265 347 67 d’antiquités
1367 1265 217 67 (buste
1497 1265 217 67 plâtre).

607 1322 213 73 PEYROL
756 1322 341 73 (Hippolyte),
1033 1322 128 73 né
1097 1322 107 73 à
1140 1322 213 73 Paris,
1289 1322 192 73 élève
1417 1322 128 73 de
1481 1322 128 73 M.
1523 1322 192 73 Isidore

647 1377 237 65 Bonheur;
825 1377 118 65 M.
884 1377 138 65 H.,
963 1377 296 65 1883-84-86;
1200 1377 158 65 méd.
1299 1377 118 65 3e
1358 1377 158 65 cl.,
1456 1377 197 65 Paris,
1575 1377 138 65 1888.

649 1414 108 73 —
693 1414 152 73 Rue
779 1414 130 73 de
844 1414 260 73 Crussol,
1039 1414 152 73 14,
1104 1414 173 73 Paris.

481 1461 305 85 963
724 1461 122 85 La
785 1461 162 85 mort
887 1461 122 85 de
948 1461 264 85 Raguenard
1151 1461 223 85 Lodbrog
1313 1461 244 85 (épisode
1496 1461 122 85 de
1557 1461 122 85 la
1597 1461 122 85 con

645 1520 198 69 quête
777 1520 132 69 de
843 1520 351 69 l’Angleterre
1128 1520 154 69 par
1216 1520 154 69 les
1282 1520 263 69 Normands).

709 1571 152 69 Vers
804 1571 152 69 l’an
899 1571 152 69 865,
995 1571 114 69 le
1052 1571 190 69 fameux
1185 1571 248 69 Raguenard
1375 1571 228 69 Lodbrog,
1547 1571 152 69 l’un
1623 1571 95 69 des

675 1615 154 55 plus
771 1615 231 55 redoutés
945 1615 174 55 parmi
1060 1615 135 55 les
1138 1615 174 55 chefs
1253 1615 309 55 scandinaves,
1504 1615 212 55 envahit
1639 1615 77 55 le

670 1651 415 55 Northumberland.
1019 1651 218 55 Vaincu
1172 1651 131 55 et
1238 1651 175 55 pris
1347 1651 153 55 par
1434 1651 131 55 le
1500 1651 153 55 roi
1565 1651 153 55 saxon

675 1689 193 51 Aella,
810 1689 116 51 il
868 1689 135 51 fut
945 1689 193 51 plongé
1081 1689 193 51 vivant
1216 1689 155 51 dans
1313 1689 135 51 une
1390 1689 174 51 fosse
1506 1689 213 51 remplie
1642 1689 77 51 de

674 1724 212 49 vipères,
833 1724 106 49 et
886 1724 194 49 pendant
1027 1724 123 49 son
1098 1724 194 49 agonie,
1239 1724 106 49 il
1292 1724 176 49 jetait
1415 1724 247 49 fièrement,
1609 1724 88 49 à
1627 1724 88 49 ses

673 1752 229 44 ennemis,
845 1752 134 44 ces
902 1752 191 44 paroles:

710 1789 170 50 «Nous
824 1789 170 50 avons
937 1789 189 50 frappé
1070 1789 151 50 avec
1164 1789 208 50 l’épée!
1316 1789 208 50 J’étais
1467 1789 170 50 jeune
1562 1789 151 50 encore

673 1829 90 47 »
709 1829 179 47 quand,
834 1829 90 47 à
870 1829 233 47 l’Orient,
1050 1829 143 47 dans
1139 1829 126 47 les
1211 1829 197 47 étoiles
1354 1829 215 47 d’Eirar,
1516 1829 143 47 nous
1587 1829 126 47 avons

671 1864 118 46 «»
730 1864 197 46 creusé
868 1864 118 46 un
927 1864 197 46 fleuve
1064 1864 118 46 de
1123 1864 157 46 sang
1222 1864 157 46 pour
1320 1864 138 46 les
1399 1864 177 46 loups
1516 1864 118 46 et
1556 1864 157 46 convié

670 1894 104 68 «
712 1894 250 68 l’oiseau
899 1894 146 68 aux
983 1894 188 68 pieds
1108 1894 208 68 jaunes
1254 1894 104 68 à
1295 1894 125 68 un
1358 1894 188 68 large
1483 1894 229 68 banquet
1629 1894 83 68 de

674 1929 87 46 »
691 1929 260 46 cadavres.....

705 1970 108 55 b«
759 1970 144 55 Nous
849 1970 162 55 avons
957 1970 180 55 frappé
1082 1970 144 55 avec
1172 1970 198 55 l’épée!
1316 1970 108 55 La
1370 1970 144 55 mort
1460 1970 108 55 me
1513 1970 198 55 saisit,
1639 1970 72 55 la

671 2000 89 48 »
707 2000 195 48 morsure
848 2000 124 48 des
919 2000 195 48 vipères
1061 2000 89 48 a
1096 2000 124 48 été
1149 2000 266 48 profonde.....

705 2034 90 61 »
741 2034 197 61 Bientôt
884 2034 125 61 mes
956 2034 143 61 fils
1045 2034 107 61 me
1099 2034 233 61 vengeront
1278 2034 143 61 dans
1368 2034 107 61 le
1421 2034 143 61 sang
1493 2034 215 61 d’Aella...

667 2065 98 77 »
707 2065 216 77 D’aussi
864 2065 197 77 hardis
1001 2065 256 77 guerriers
1198 2065 118 77 ne
1257 2065 256 77 prendront
1454 2065 138 77 pas
1532 2065 118 77 de
1571 2065 138 77 repos

670 2106 90 53 »
706 2106 162 53 avant
814 2106 108 53 de
868 2106 198 53 m’avoir
995 2106 234 53 vengé.....»

1242 2144 259 74 (Augustin
1421 2144 219 74 THIERRY.)

591 2189 186 80 RUGA
707 2189 372 80 (Alexandre),
1009 2189 140 80 né
1079 2189 116 80 à
1126 2189 279 80 Capolago
1335 2189 302 80 (Suisse),
1544 2189 163 80 élève

633 2245 134 77 de
700 2245 134 77 M.
767 2245 201 77 Véla;
901 2245 156 77 Ex.
990 2245 156 77 des
1079 2245 268 77 Sciences
1280 2245 335 77 appliquées,
1525 2245 179 77 Paris,

636 2289 182 55 1879,
757 2289 283 55 Perpignan,
979 2289 182 55 1886.
1100 2289 101 55 —
1141 2289 182 55 Bast.
1262 2289 121 55 P.
1322 2289 202 55 volta,
1464 2289 121 55 15
1504 2289 202 55 (Milan).

469 2328 270 91 964
685 2328 198 91 L’hiver
828 2328 180 91 (buste
936 2328 180 91 marbre).

588 2410 340 75 SORTAMBOSC
855 2410 510 75 (Alphonse-Emile),
1292 2410 146 75 né
1365 2410 121 75 à
1389 2410 316 75 Angerville-

630 2455 308 67 la-Martel.
872 2455 110 67 —
916 2455 330 67 Grand-Quai,
1181 2455 154 67 71,
1269 2455 132 67 Le
1313 2455 176 67 Havre.

469 2495 272 88 965
686 2495 218 88 Portrait
850 2495 145 88 d’un
940 2495 199 88 Havrais
1085 2495 272 88 (bas-relief
1303 2495 145 88 bois
1376 2495 199 88 sculpté).
