1998 3149
355 709 824 99 ARCHITECTURE.

309 945 269 70 BESNARD
504 945 294 70 (Emile),
725 945 147 70 né
798 945 122 70 à
823 945 612 70 Blosseville

354 999 207 45 élève
492 999 138 45 de
561 999 253 45 l’Ecole
746 999 161 45 des
838 999 323 45 Beaux-Arts
1091 999 138 45 de
1160 999 207 45 Rouen
1299 999 138 45 et
1345 999 92 45 de

351 1034 148 84 M.
425 1034 197 84 Léon
548 1034 148 84 de
622 1034 246 84 Vesly.
795 1034 123 84 —
844 1034 172 84 Rue
942 1034 394 84 Beauvoisine,
1238 1034 197 84 32

324 1078 212 63 Rouen.

187 1129 302 78 979
428 1129 201 78 Projet
569 1129 221 78 d’hôtel
730 1129 161 78 pour
831 1129 141 78 les
911 1129 443 78 Ponts-et-Chaussées
1293 1129 121 78 et
1333 1129 101 78 les

355 1175 188 68 Mines
480 1175 125 68 (2
522 1175 229 68 châssis).

354 1233 123 63 1.
415 1233 184 63 Plan.
538 1233 102 63 —
579 1233 123 63 2.
640 1233 266 63 Elévation
825 1233 266 63 principale.

313 1293 263 73 BOUCHER
504 1293 310 73 (Eugène),
743 1293 143 73 né
814 1293 119 73 à
862 1293 239 73 Rouen,
1029 1293 215 73 élève
1172 1293 143 73 de
1220 1293 215 73 l’Ecole

349 1353 293 48 régionale
575 1353 158 48 des
665 1353 316 48 Beaux-Arts
913 1353 135 48 de
981 1353 203 48 Rouen
1116 1353 135 48 et
1184 1353 135 48 de
1252 1353 158 48 MM.
1319 1353 113 48 Ch.

353 1396 220 65 Fleury
507 1396 132 65 et
573 1396 132 65 E.
639 1396 220 65 Janet.
793 1396 110 65 —
837 1396 154 65 Rue
925 1396 330 65 Parmentier,
1189 1396 154 65 20,
1255 1396 176 65 Rouen.

187 1422 275 91 980
407 1422 202 91 Relevés
554 1422 331 91 d'architecture
829 1422 184 91 (style
958 1422 165 91 Louis
1068 1422 165 91 XIII)
1160 1422 55 91 :

351 1500 216 60 Portes
503 1500 108 60 à
546 1500 411 60 Petit-Quevilly,
892 1500 216 60 manoir
1044 1500 216 60 Queval
1173 1500 260 60 (restaura-

310 1540 204 60 tion);
453 1540 307 60 rendez-vous
698 1540 123 60 de
759 1540 204 60 chasse
902 1540 184 60 (état
1025 1540 204 60 actuel
1168 1540 123 60 et
1209 1540 225 60 restaura-

311 1593 178 56 tion,
430 1593 238 56 détails,
608 1593 139 56 rue
688 1593 198 56 Verte,
826 1593 99 56 à
846 1593 357 56 Petit

308 1643 292 88 BOURIENNE
532 1643 314 88 (Georges),
779 1643 135 88 né
846 1643 112 88 à
891 1643 224 88 Rouen.
1048 1643 112 88 —
1093 1643 157 88 Rue
1161 1643 269 88 Lafayette,

348 1711 165 61 81,
419 1711 189 61 Rouen.

184 1753 282 91 981
410 1753 188 91 Entrée
541 1753 263 91 principale
748 1753 150 91 d’un
842 1753 244 91 cimetière
1029 1753 169 91 (deux
1123 1753 207 91 châssis).

638 1828 146 62 (En
722 1828 355 62 collaboration
1014 1828 167 62 avec
1118 1828 125 62 M.
1181 1828 125 62 J.
1223 1828 167 62 DÉIS.)

303 1893 315 64 CHÉDANNE
539 1893 368 64 (Georges),
828 1893 158 64 né
907 1893 131 64 à
960 1893 315 64 Maromme,
1196 1893 237 64 élève
1328 1893 105 64 de

352 1947 148 50 MM.
436 1947 148 50 Ch.
521 1947 211 50 Fleury
669 1947 127 50 et
732 1947 233 50 Guadet;
902 1947 190 50 grand
1028 1947 169 50 prix
1134 1947 127 50 de
1197 1947 169 50 Rome
1282 1947 148 50 1887.

349 1981 113 60 —
395 1981 204 60 Villa
530 1981 272 60 Médicis,
712 1981 158 60 Rome.

183 2037 298 54 982
421 2037 198 54 Projet
560 2037 119 54 de
620 2037 218 54 gymnase
778 2037 258 54 (concours
977 2037 119 54 du
1036 2037 179 54 grand
1155 2037 159 54 prix
1235 2037 198 54 d’archi-

353 2087 226 59 tecture
496 2087 164 59 1887).

415 2138 250 57 Appartient
611 2138 107 57 au
665 2138 232 57 Ministère
843 2138 107 57 de
896 2138 303 57 l’Instruction
1146 2138 214 57 publique
1306 2138 107 57 et
1342 2138 89 57 des

434 2182 267 56 Beaux

184 2221 292 67 983
417 2221 156 67 Loge
514 2221 136 67 des
592 2221 195 67 Lances
728 2221 97 67 à
767 2221 234 67 Florence
942 2221 234 67 (croquis
1118 2221 214 67 relevés
1273 2221 156 67 pour
1351 2221 78 67 un

352 2276 184 69 essai
474 2276 123 69 de
515 2276 328 69 restauration).

934 2297 202 85 (Voir
1086 2297 118 85 aux
1136 2297 253 85 Dessins)

306 2366 173 79 DÉIS
415 2366 260 79 (Jules),
609 2366 130 79 né
674 2366 108 79 à
717 2366 281 79 Besançon,
934 2366 195 79 élève
1063 2366 130 79 de
1128 2366 130 79 H.
1171 2366 260 79 Labrouste.

355 2436 92 63 —
391 2436 165 63 Route
502 2436 110 63 de
557 2436 276 63 Neufchâtel,
777 2436 92 63 5
814 2436 276 63 bis
1016 2436 147 63 Rouen.

650 2473 274 79 (Voir
855 2473 223 79 BOURIENNE.)

952 2527 195 85 (Voir
1098 2527 114 85 aux
1147 2527 243 85 Dessins)
