1921 3127
902 440 279 74 PEINTURE.

537 563 284 54 BONNEFOY
751 563 498 54 (Adrien-Adolphe),
1177 563 142 54 né
1248 563 119 54 à
1296 563 237 54 Paris,
1462 563 213 54 élève
1580 563 95 54 de

581 608 134 48 M.
648 608 201 48 J.-P.
782 608 269 48 Laurens;
983 608 134 48 M.
1051 608 157 48 H.,
1140 608 336 48 Versailles,
1409 608 201 48 1886.
1543 608 112 48 —
1565 608 112 48 Rue

585 649 373 62 Bretonvilliers,
900 649 118 62 3,
939 649 157 62 Paris.

439 694 253 66 76
638 694 199 66 Matinée
764 694 181 66 d’avril.

1185 727 198 89 (Voir
1334 727 116 89 aux
1384 727 248 89 Dessins)

532 830 254 58 BONNIN
709 830 152 58 DE
786 830 330 58 FRAYSSEIX
1040 830 407 58 (Alexandre),
1370 830 152 58 né
1446 830 127 58 à
1472 830 203 58 Fonte-

579 886 351 56 nay-le-Comte
864 886 285 56 (Vendée);
1084 886 176 56 méd.
1193 886 132 56 de
1259 886 219 56 verm.,
1391 886 285 56 Saint-

580 927 236 44 Paramé,
751 927 193 44 1884;
880 927 129 44 M.
945 927 150 44 H.,
1031 927 279 44 Poitiers,
1245 927 193 44 1887.
1374 927 107 44 —
1417 927 150 44 Rue
1503 927 129 44 du
1546 927 129 44 Châ-

580 968 200 56 teau,
713 968 111 56 à
736 968 445 56 Fontenay

432 1009 159 80 77.
500 1009 296 80 Bergerette.

537 1097 237 70 BORGNET
710 1097 151 70 (Me
796 1097 237 70 Elisa),
968 1097 151 70 née
1054 1097 108 70 à
1097 1097 215 70 Paris,
1248 1097 194 70 élève
1377 1097 129 70 de
1442 1097 172 70 Mlle
1528 1097 151 70 Julia

575 1162 234 55 Marest
738 1162 140 55 et
809 1162 140 55 de
879 1162 140 55 M.
949 1162 187 55 Léon
1066 1162 304 55 Hodebert.
1300 1162 117 55 —
1347 1162 164 55 Rue
1417 1162 257 55 Coquerel,

575 1200 157 67 29,
664 1200 494 67 Mont-Saint-Aignan,
1091 1200 180 67 près
1181 1200 180 67 Rouen.

437 1247 237 70 78
623 1247 101 70 Un
674 1247 152 70 vieux
758 1247 186 70 plâtrier.

438 1307 229 73 79
618 1307 180 73 Théière
732 1307 131 73 russe.

1173 1345 204 78 (Voir
1326 1345 119 78 aux
1377 1345 254 78 Dessins)

532 1426 297 79 BOUGOURD
755 1426 347 79 (Auguste),
1028 1426 149 79 né
1102 1426 124 79 à
1152 1426 396 79 Pont-Audemer
1449 1426 223 79 (Eure),

576 1500 198 52 élève
708 1500 132 52 de
774 1500 242 52 Bellel;
949 1500 176 52 méd.
1059 1500 132 52 de
1125 1500 176 52 br.,
1235 1500 198 52 Caen,
1367 1500 198 52 1873;
1498 1500 176 52 méd.
1586 1500 88 52 de

572 1535 220 59 verm.,
726 1535 220 59 Rouen,
879 1535 198 59 1882;
1011 1535 176 59 méd.
1121 1535 132 59 de
1187 1535 198 59 verm.
1319 1535 154 59 gr.
1406 1535 198 59 mod.,
1516 1535 154 59 Caen,

573 1580 194 50 1883;
702 1580 129 50 3e
766 1580 194 50 méd.,
895 1580 237 50 Evreux,
1067 1580 194 50 1886.
1196 1580 108 50 —
1239 1580 194 50 Route
1368 1580 129 50 de
1433 1580 215 50 Rouen,
1562 1580 108 50 19,

570 1620 120 45 à
618 1620 407 45 Pont-Audemer,
953 1620 144 45 et
1025 1620 168 45 rue
1121 1620 144 45 de
1168 1620 503 45 Grenelle-

574 1657 194 67 main,
704 1657 151 67 17,
769 1657 173 67 Paris.

434 1715 256 55 80
635 1715 146 55 Sous
726 1715 128 55 les
799 1715 183 55 arbres
927 1715 110 55 en
963 1715 219 55 septembre.

534 1806 268 59 BOUGOURD
735 1806 201 59 (Mlle
869 1806 268 59 Cécile),
1070 1806 156 59 née
1159 1806 112 59 à
1204 1806 357 59 Pont-Audemer
1472 1806 201 59 (Eure),

574 1856 197 51 élève
706 1856 132 51 de
772 1856 132 51 M.
837 1856 132 51 A.
903 1856 285 51 Bougourd;
1123 1856 132 51 M.
1188 1856 154 51 H.,
1254 1856 417 51 Boulogne

575 1893 201 56 1887.
709 1893 112 56 —
753 1893 201 56 Route
887 1893 134 56 de
954 1893 223 56 Rouen,
1111 1893 156 56 19,
1200 1893 380 56 Pont-Audemer,
1513 1893 134 56 et
1557 1893 112 56 rue

575 1934 129 68 de
639 1934 579 68 Grenelle-Saint-Germain,
1153 1934 150 68 17,
1218 1934 171 68 Paris.

433 1997 241 62 81
622 1997 121 62 Une
691 1997 190 62 seautée
829 1997 103 62 de
864 1997 155 62 fleurs.

530 2067 301 72 BOULICAUT
762 2067 301 72 (Pierre),
994 2067 139 72 né
1063 2067 116 72 à
1110 2067 487 72 Châlon-sur-Saône,
1504 2067 162 72 élève

574 2138 124 59 de
636 2138 248 59 Richard,
822 2138 124 59 de
884 2138 248 59 Chevrier
1070 2138 124 59 et
1132 2138 124 59 de
1194 2138 248 59 Cabanel.
1380 2138 103 59 —
1421 2138 165 59 Quai
1504 2138 165 59 Saint-

576 2173 224 68 Michel,
738 2173 142 68 19,
799 2173 163 68 Paris.

433 2215 247 70 82
627 2215 212 70 Portrait
786 2215 106 70 de
839 2215 124 70 Mme
910 2215 106 70 C.
945 2215 106 70 L...

530 2307 297 69 BOURGOGNE
759 2307 297 69 (Pierre),
987 2307 137 69 né
1055 2307 114 69 à
1101 2307 228 69 Paris,
1261 2307 206 69 élève
1398 2307 137 69 de
1466 2307 160 69 MM.
1535 2307 137 69 Gal-

574 2367 160 58 lan
666 2367 137 58 et
734 2367 137 58 J.
803 2367 275 58 Lequien;
1009 2367 137 58 M.
1078 2367 160 58 H.,
1169 2367 229 58 Paris,
1330 2367 206 58 1888.
1467 2367 114 58 —
1513 2367 160 58 Rue
1581 2367 92 58 de

574 2403 213 70 Brancas,
734 2403 106 70 32
787 2403 266 70 ter
1000 2403 177 70 Sèvres
1107 2403 319 70 (Seine

428 2460 243 58 83
619 2460 226 58 Tambourin
775 2460 156 58 fleuri.

430 2514 222 71 84
605 2514 111 71 Une
653 2514 207 71 cueillette.
