1998 3149
644 453 281 68 PEINTURE.

1313 442 112 78 27

301 543 251 82 COEYLAS
484 543 274 82 (Henry),
690 543 137 82 né
758 543 114 82 à
804 543 480 82 Joinville-le-Pont
1192 543 229 82 (Seine),

348 605 193 56 élève
476 605 129 56 de
541 605 172 56 Pils
648 605 129 56 et
713 605 129 56 de
777 605 150 56 MM.
863 605 129 56 G.
928 605 301 56 Boulanger,
1164 605 129 56 J.
1207 605 215 56 Lefebvre

344 652 124 52 et
406 652 145 52 Gel
489 652 248 52 Ferrier;
676 652 166 52 méd.
779 652 186 52 d’or,
903 652 269 52 Rochefort
1110 652 124 52 et
1152 652 269 52 Versailles;

342 705 180 45 méd.
455 705 225 45 d’arg.
613 705 135 45 et
680 705 135 45 de
748 705 180 45 br.,
860 705 248 45 Amiens,
1040 705 293 45 Chaumont,
1265 705 180 45 etc.
1355 705 68 45 —

343 735 151 66 Rue
430 735 130 66 du
495 735 194 66 Jour,
624 735 130 66 5,
667 735 173 66 Paris.

183 792 249 87 128
382 792 182 87 Retirès
515 792 116 87 des
565 792 182 87 affaires.

184 865 258 84 129
373 865 276 84 Contemplation.

304 939 320 82 CONSTANTIN
555 939 183 82 (Mme
670 939 251 82 Adèle),
852 939 160 82 née
944 939 114 82 à
989 939 297 82 Mulhouse,
1218 939 206 82 élève
1332 939 91 82 de

342 1011 141 46 M.
413 1011 188 46 Tony
531 1011 423 46 Robert-Fleury;
883 1011 306 46 mentions.
1118 1011 118 46 —
1165 1011 165 46 Rue
1236 1011 188 46 Saint-

343 1048 251 69 Jacques,
531 1048 146 69 36,
594 1048 251 69 Marseille.

185 1106 223 74 130
349 1106 134 74 Fleurs.

185 1180 247 67 131
366 1180 197 67 Mendiante.

302 1268 187 59 COOL
419 1268 187 59 (Mme
536 1268 281 59 Delphine
747 1268 187 59 de),
864 1268 164 59 née
957 1268 117 59 à
1004 1268 281 59 Limoges,
1215 1268 211 59 élève
1332 1268 94 59 de

345 1310 135 53 M.
413 1310 248 53 Fortin;
594 1310 135 53 M.
661 1310 158 53 H.,
752 1310 226 53 Paris;
910 1310 181 53 méd.
1023 1310 203 53 d’or,
1158 1310 226 53 Madrid
1294 1310 135 53 (Es-

347 1355 258 58 pagne);
534 1355 188 58 méd.
651 1355 234 58 d’arg.
815 1355 141 58 et
886 1355 141 58 de
956 1355 234 58 verm.,
1120 1355 234 58 Rouen;
1261 1355 164 58 méd.,

348 1401 129 74 E.
413 1401 151 74 U.,
499 1401 216 74 Paris;
650 1401 129 74 A.
715 1401 129 74 g.
780 1401 108 74 —
823 1401 151 74 Rue
909 1401 129 74 de
973 1401 237 74 Rennes,
1146 1401 151 74 97,
1211 1401 172 74 Paris.

188 1467 230 58 132
356 1467 153 58 Avarice.

186 1534 244 60 133
381 1534 98 60 La
414 1534 179 60 lanterne.

931 1567 201 75 (Voir
1082 1567 117 75 aux
1132 1567 251 75 Dessins)

302 1640 184 74 COOL
417 1640 276 74 (Gabriel
623 1640 184 74 de),
738 1640 138 74 né
807 1640 115 74 à
853 1640 276 74 Limoges,
1060 1640 207 74 élève
1197 1640 138 74 de
1266 1640 161 74 Mme
1335 1640 92 74 de

346 1706 169 60 Cool
452 1706 127 60 et
515 1706 127 60 de
579 1706 127 60 M.
642 1706 254 60 Cabanel.
833 1706 106 60 —
875 1706 148 60 Rue
959 1706 127 60 de
1023 1706 233 60 Rennes,
1192 1706 148 60 97,
1256 1706 169 60 Paris.

184 1758 263 90 134
395 1758 211 90 Portrait
553 1758 105 90 de
606 1758 140 90 Mlle
676 1758 123 90 XMὸ&.

183 1835 264 70 135
395 1835 141 70 Miss
483 1835 176 70 Smolen
589 1835 176 70 (étude).

932 1873 199 85 (Voir
1082 1873 116 85 aux
1132 1873 249 85 Dessins)

304 1975 298 56 CORBINEAU
533 1975 504 56 (Auguste-Charles),
968 1975 137 56 né
1037 1975 114 56 à
1083 1975 229 56 Saumur
1220 1975 206 56 (Maine-

344 2024 303 53 et-Loire),
582 2024 195 53 élève
712 2024 130 53 de
777 2024 151 53 MM.
864 2024 216 53 Hébert
1015 2024 151 53 (de
1102 2024 324 53 l’Institut)
1339 2024 87 53 et

346 2067 132 50 J.
412 2067 286 50 Lefebvre;
632 2067 198 50 dipl.
764 2067 242 50 d’hon.,
940 2067 242 50 Rennes;
1116 2067 176 50 méd.
1226 2067 154 50 1re
1292 2067 132 50 cl.,

341 2099 337 60 Rochefort,
606 2099 265 60 Amiens,
799 2099 434 60 Saint-Germain,
1160 2099 193 60 etc.
1280 2099 120 60 —
1305 2099 120 60 Rue

346 2148 342 62 Sainte-Anne,
624 2148 150 62 51,
688 2148 171 62 Paris.

183 2198 242 80 136
373 2198 224 80 Intérieur
528 2198 155 80 breton.

182 2276 266 71 137
395 2276 106 71 Le
448 2276 213 71 supplice
608 2276 106 71 de
644 2276 177 71 Tantale.

932 2310 200 74 (Voir
1082 2310 117 74 aux
1132 2310 250 74 Dessins)

302 2405 275 61 CORMETTES
513 2405 190 61 (Mlle
640 2405 190 61 Gelle
767 2405 169 61 de),
873 2405 148 61 née
958 2405 106 61 à
1000 2405 296 61 Abbeville,
1233 2405 190 61 élève
1338 2405 85 61 de

342 2458 137 53 M.
411 2458 160 53 Ris
502 2458 252 53 Pagnot.
685 2458 114 53 —
731 2458 114 53 A
777 2458 343 53 Harcelaines
1028 2458 229 53 (Somme).

182 2513 260 74 138
389 2513 121 74 Une
459 2513 156 74 vache
562 2513 87 74 à
580 2513 190 74 l’étable.
