1998 3149
636 424 280 63 PEINTURE.

1299 413 110 73 47

289 517 280 88 LANDELLE
499 517 327 88 (Charles),
756 517 140 88 né
826 517 117 88 à
873 517 234 88 Laval,
1036 517 210 88 élève
1176 517 140 88 de
1246 517 140 88 P.
1293 517 117 88 De-

333 587 239 45 laroche;
512 587 159 45 méd.
612 587 120 45 3e
672 587 159 45 cl.,
771 587 199 45 Paris,
911 587 179 45 1842;
1030 587 159 45 méd.
1130 587 120 45 2e
1190 587 159 45 cl.,
1270 587 139 45 1845;

340 624 140 61 méd.
428 624 123 61 1re
498 624 140 61 cl.,
586 624 158 61 1848;
709 624 158 61 1855;
814 624 158 61 H.
919 624 175 61 C.
1042 624 88 61 —
1077 624 140 61 Quai
1165 624 228 61 Voltaire,
1322 624 88 61 12,

317 670 173 61 Paris.

176 722 277 82 349
397 722 166 82 Juive
508 722 111 82 de
563 722 184 82 Tanger
674 722 184 82 (Maroc).

174 799 299 81 350
413 799 120 81 La
473 799 199 81 petite
613 799 179 81 pomme
732 799 179 81 verte
852 799 199 81 (jeune
991 799 239 81 Normande
1151 799 259 81 d’Etretat).

928 881 197 91 (Voir
1075 881 115 91 aux
1124 881 246 91 Dessins)

289 967 330 70 LANDELLE
536 967 385 70 (Georges),
839 967 165 70 né
921 967 138 70 à
976 967 275 70 Paris,
1169 967 248 70 élève
1306 967 110 70 de

337 1026 164 60 MM.
430 1026 257 60 Cabanel
617 1026 140 60 et
688 1026 304 60 Landelle.
922 1026 117 60 —
968 1026 187 60 Quai
1085 1026 304 60 Voltaire,
1296 1026 117 60 17,

315 1072 181 55 Paris.

174 1127 287 68 351
403 1127 191 68 Petite
537 1127 210 68 fileuse
690 1127 115 68 au
748 1127 172 68 rouet
863 1127 249 68 (souvenir
1054 1127 115 68 de
1092 1127 249 68 Normandie).

290 1225 255 55 LANDRÉ
469 1225 230 55 (Mlle
622 1225 306 55 Louise),
852 1225 179 55 née
954 1225 128 55 à
1005 1225 255 55 Paris,
1184 1225 230 55 élève
1312 1225 102 55 de

335 1273 180 60 MM.
438 1273 308 60 Chaplin,
669 1273 283 60 Barrias
875 1273 154 60 et
952 1273 308 60 Foubert.
1184 1273 129 60 —
1235 1273 180 60 Rue
1312 1273 103 60 du

338 1316 576 66 Faubourg-Saint-Honoré,
847 1316 177 66 233,
936 1316 177 66 Paris.

176 1382 295 67 352
413 1382 177 67 Jeune
531 1382 177 67 femme
649 1382 236 67 lutinant
826 1382 118 67 un
866 1382 177 67 masque.

179 1457 254 72 353
382 1457 118 72 Mme
433 1457 135 72 Angot.

297 1548 262 62 LANGLOIS
494 1548 175 62 (Mme
603 1548 306 62 Joséphine,
844 1548 153 62 née
931 1548 262 62 Roelly),
1128 1548 153 62 née
1215 1548 109 62 à
1237 1548 175 62 Paris,

336 1596 221 47 élève
484 1596 147 47 de
557 1596 172 47 MM.
655 1596 196 47 Abel
778 1596 221 47 Lucas
925 1596 147 47 et
998 1596 196 47 Léon
1121 1596 319 47 Perrault.
1341 1596 74 47 —

338 1640 154 60 Rue
426 1640 220 60 Pajou,
580 1640 154 60 18,
646 1640 309 60 Passy

179 1702 265 80 354
374 1702 282 80 Contemplation.

298 1806 246 51 LANSYER
476 1806 335 51 (Emmanuel),
745 1806 134 51 né
812 1806 112 51 à
856 1806 201 51 l’ile
990 1806 134 51 de
1057 1806 201 51 Bouin
1169 1806 246 51 (Vendée),

342 1857 182 43 élève
463 1857 122 43 de
524 1857 122 43 E.
585 1857 385 43 Viollet-le-Duc,
909 1857 122 43 de
970 1857 223 43 Courbet
1132 1857 122 43 et
1192 1857 122 43 de
1253 1857 122 43 M.
1294 1857 122 43 Har-

339 1883 287 68 pignies;
554 1883 215 68 méd.,
698 1883 455 68 1865-1869-1873;
1105 1883 215 68 1881.
1248 1883 120 68 —
1272 1883 144 68 Quai

343 1934 260 58 Bourbon,
538 1934 152 58 29,
604 1934 173 58 Paris.

181 1998 277 63 355
402 1998 111 63 La
457 1998 166 63 Sèvre
568 1998 92 63 à
605 1998 203 63 Clisson
734 1998 387 63 (Loire

177 2074 290 71 356
409 2074 135 71 Vue
486 2074 174 71 prise
602 2074 97 71 à
641 2074 252 71 Beaulieu,
835 2074 155 71 près
931 2074 193 71 Loches
1047 2074 368 71 (Indre

298 2169 140 71 LA
368 2169 326 71 ROCHENOIRE
624 2169 443 71 (Charles-Julien
997 2169 186 71 de),
1113 2169 140 71 né
1183 2169 140 71 au
1230 2169 186 71 Havre,

339 2214 206 59 élève
477 2214 137 59 de
545 2214 206 59 Corot
683 2214 137 59 et
752 2214 137 59 de
820 2214 252 59 Troyon;
1004 2214 183 59 méd.
1118 2214 206 59 d’or,
1233 2214 183 59 Rouen,

341 2258 196 63 Caen,
472 2258 174 63 etc.
581 2258 109 63 —
624 2258 152 63 Rue
711 2258 131 63 de
776 2258 283 63 Provence,
994 2258 152 63 66,
1059 2258 174 63 Paris.

178 2324 300 89 357
418 2324 240 89 Marchand
598 2324 120 89 de
658 2324 180 89 bœufs
778 2324 200 89 allant
917 2324 100 89 à
957 2324 120 89 la
1017 2324 180 89 foire
1137 2324 220 89 (vallée
1297 2324 120 89 de
1337 2324 80 89 la

320 2381 278 54 Toucques).

179 2418 305 93 358
423 2418 224 93 Chevaux
585 2418 122 93 au
646 2418 163 93 vert
748 2418 142 93 sur
829 2418 122 93 la
890 2418 224 93 falaise
1053 2418 305 93 d’Octeville
1277 2418 142 93 (Nor

320 2494 238 65 mandie).
