2260 3256
412 366 262 55 La
586 366 320 55 Société
819 366 204 55 des
936 366 349 55 Artistes
1198 366 495 55 Incépendants,
1576 366 320 55 basée

481 435 284 60 sur
680 435 171 60 la
765 435 426 60 suppression
1106 435 199 60 des
1220 435 227 60 Jury
1362 435 455 60 d’admission,
1703 435 199 60 a

475 504 310 57 pour
701 504 198 57 but
813 504 169 57 de
898 504 367 57 permettre
1180 504 198 57 aux
1293 504 339 57 Artistes
1547 504 169 57 de
1604 504 282 57 pré

465 576 378 61 senter
756 576 378 61 librement
1046 576 262 61 leurs
1221 576 291 61 œuvres
1424 576 174 61 au
1482 576 407 61 jugement

486 650 159 52 du
575 650 229 52 public.

707 1100 762 53 DÉSIGNATION/

390 1274 362 55 ALBERT,
654 1274 395 55 Adolphe,
950 1274 198 55 né
1049 1274 165 55 à
1115 1274 329 55 Paris.
1345 1274 165 55 —
1411 1274 198 55 3,
1510 1274 231 55 rue
1609 1274 296 55 Alfred

441 1350 264 43 Stevens.

656 1405 236 60 *1
820 1405 146 60 Etude.

647 1471 311 71 *2
886 1471 167 71 Les
982 1471 191 71 blés
1101 1471 143 71 en
1149 1471 287 71 Normandie.

654 1539 262 69 *3
856 1539 141 69 Les
916 1539 182 69 Saules.

653 1613 276 68 *4
865 1613 213 68 Vernon
993 1613 191 68 (Eure).

651 1688 297 65 *5
879 1688 137 65 La
948 1688 251 65 Prairie
1130 1688 114 65 à
1153 1688 274 65 Heurgival.

659 1766 268 56 *6
865 1766 165 56 Tête
948 1766 185 56 d’étnde

667 1839 245 52 7
851 1839 164 52 Tête
932 1839 205 52 d’étude.

653 1902 273 61 *8
863 1902 189 61 Après
989 1902 126 61 la
1031 1902 189 61 séance.

661 1980 287 57 *9
882 1980 221 57 Dessin
1037 1980 110 57 à
1081 1980 133 57 la
1125 1980 243 57 sanguine.

403 2171 308 52 ALFRED
619 2171 185 52 LE
711 2171 308 52 PETIT,
926 2171 677 52 Achille-Alexandre,
1511 2171 185 52 né
1603 2171 154 52 à
1634 2171 246 52 Aumale

462 2241 774 54 (Seine-et-Inférieure).
1147 2241 149 54 —
1207 2241 208 54 12,
1326 2241 208 54 rue
1445 2241 179 54 de
1505 2241 357 54 Courcelles

434 2312 295 49 Levallois.

634 2426 295 50 10
862 2426 136 50 Ma
930 2426 205 50 tante
1066 2426 159 50 est
1134 2426 182 50 morte.

632 2496 270 51 11
840 2496 250 51 J’hérite
1027 2496 125 51 de
1069 2496 104 51 ça.

445 2681 162 35 (1)
538 2681 348 35 L’astérique
816 2681 209 35 placé
955 2681 116 35 à
1002 2681 186 35 côté
1118 2681 162 35 des
1211 2681 255 35 numéros
1397 2681 255 35 indique
1582 2681 162 35 les
1675 2681 232 35 œuvres
1814 2681 70 35 à

387 2725 183 33 vendre.

456 2766 128 34 On
520 2766 171 34 peut
627 2766 128 34 se
691 2766 278 34 procurer,
905 2766 128 34 au
970 2766 321 34 Secrétariat
1227 2766 128 34 de
1291 2766 343 34 i’Exposition
1569 2766 171 34 tous
1676 2766 150 34 les
1741 2766 128 34 ren-

406 2809 343 35 seignements
680 2809 343 35 nécessaires
954 2809 114 35 à
1000 2809 251 35 l’achat
1183 2809 160 35 des
1274 2809 297 35 ouvrages,
1503 2809 183 35 prix
1617 2809 160 35 des
1685 2809 183 35 œuvres

407 2853 125 34 et
470 2853 249 34 adresses
656 2853 145 34 des
719 2853 208 34 auteurs.
