1955 3149
374 379 118 81 54

883 390 275 77 PEINTURE.

537 502 213 69 LHOTE
679 502 284 69 (Jules),
893 502 142 69 né
964 502 118 69 à
1011 502 498 69 Boulogne-sur-Mer,
1438 502 213 69 élève
1556 502 95 69 de

578 555 214 51 Picot
721 555 143 51 et
793 555 143 51 de
864 555 143 51 MM
935 555 286 51 Verreaux
1150 555 143 51 et
1221 555 262 51 Isabey;
1412 555 119 51 6
1459 555 191 51 méd.
1555 555 95 51 de

576 595 233 61 verm.,
739 595 233 61 d’arg.
902 595 140 61 et
972 595 140 61 de
1041 595 163 61 br.
1135 595 326 61 (Boulogne,
1368 595 279 61 Dunkerque,

576 641 271 52 Amiens).
780 641 113 52 —
825 641 158 52 Rue
915 641 158 52 des
1005 641 339 52 Cordeliers,
1276 641 158 52 57,
1344 641 203 52 Amiens.

541 683 251 91 421
738 683 197 91 Récolte
882 683 108 91 du
935 683 179 91 varech
1061 683 90 91 à
1097 683 269 91 Arromanches
1294 683 233 91 (Calvados).

541 762 242 70 422
731 762 173 70 Retour
852 762 104 70 de
904 762 156 70 pêche
1008 762 86 70 à
1042 762 173 70 Cayeux
1146 762 173 70 (Somme).

1153 816 202 79 (Voir
1304 816 118 79 aux
1355 816 252 79 Dessins)

530 914 278 70 LIMOSIN
732 914 303 70 D’ALHEIM
959 914 253 70 (Mme),
1136 914 177 70 née
1238 914 126 70 à
1288 914 278 70 Moscou,
1465 914 177 70 élève

573 970 133 60 de
639 970 155 60 MM.
728 970 133 60 J.
794 970 266 60 d’Alheim
994 970 133 60 et
1060 970 244 60 Mérino;
1237 970 177 60 méd.
1348 970 133 60 en
1392 970 244 60 province.

576 1011 105 75 —
618 1011 211 75 Avenue
766 1011 127 75 de
829 1011 274 75 Villiers,
1040 1011 148 75 18,
1103 1011 169 75 Paris.

540 1066 212 82 423
706 1066 242 82 Bric-à-brac,
902 1066 106 82 rue
948 1066 166 82 Mazarine.

545 1120 141 87 424
655 1120 60 87 La
676 1120 100 87 fileuse.

532 1222 171 64 LION
639 1222 514 64 (Auguste-Alexandre),
1088 1222 128 64 né
1153 1222 107 64 à
1195 1222 214 64 Rouen;
1345 1222 193 64 méd.,
1452 1222 193 64 Senlis,

574 1276 199 46 1880.
707 1276 111 46 —
751 1276 155 46 Rue
840 1276 133 46 du
906 1276 288 46 Chaperon,
1128 1276 177 46 100,
1216 1276 244 46 Darnétal.

537 1333 250 70 425
734 1333 197 70 Bouquet
877 1333 107 70 de
930 1333 179 70 fleurs
1055 1333 125 70 des
1127 1333 197 70 champs,
1270 1333 214 70 intitulé
1431 1333 89 70 :
1448 1333 197 70 «Oublié».

538 1384 254 83 426
738 1384 200 83 Bouquet
883 1384 109 83 de
937 1384 182 83 fleurs
1065 1384 127 83 des
1137 1384 200 83 champs,
1283 1384 218 83 intitulé
1446 1384 91 83 :
1464 1384 182 83 «Bouquet

571 1443 135 66 du
638 1443 224 66 pauvre
772 1443 90 66 ».

1144 1485 205 74 (Voir
1298 1485 120 74 aux
1349 1485 256 74 Dessins)

533 1556 168 87 LIZÉ
638 1556 293 87 (Charles),
868 1556 126 87 né
931 1556 105 87 à
973 1556 231 87 Elbeuf,
1141 1556 189 87 élève
1267 1556 126 87 de
1330 1556 126 87 G.
1392 1556 189 87 Morin
1518 1556 126 87 et
1560 1556 84 87 de

572 1628 126 54 M.
635 1628 126 54 E.
698 1628 210 54 Lebel;
845 1628 168 54 méd.
950 1628 126 54 de
1013 1628 168 54 br.,
1118 1628 126 54 de
1181 1628 189 54 verm.
1307 1628 126 54 et
1370 1628 189 54 d’or,
1475 1628 168 54 Amiens

569 1672 137 59 et
638 1672 228 59 Rouen.
797 1672 114 59 —
842 1672 159 59 Rue
933 1672 137 59 de
1002 1672 250 59 Crosne,
1184 1672 159 59 57,
1252 1672 182 59 Rouen.

541 1724 189 75 427
689 1724 81 75 Le
729 1724 121 75 grain
797 1724 148 75 (marine).

536 1791 205 70 428
698 1791 103 70 Les
756 1791 176 70 bourrées
874 1791 176 70 (paysage).

527 1878 240 65 LOUTREL
701 1878 327 65 (V.-J.-B.),
963 1878 131 65 né
1028 1878 109 65 à
1072 1878 218 65 Rouen,
1224 1878 196 65 élève
1355 1878 131 65 de
1420 1878 131 65 M.
1464 1878 174 65 Mouil-

568 1934 216 53 leron.
719 1934 108 53 —
763 1934 151 53 Rue
849 1934 151 53 des
935 1934 280 53 Abbesses,
1151 1934 151 53 35,
1215 1934 173 53 Paris.

531 1985 234 80 429
715 1985 150 80 Jeune
815 1985 150 80 femme
915 1985 200 80 arrosant
1066 1985 117 80 une
1116 1985 150 80 plante.

537 2051 196 66 430
691 2051 84 66 Un
733 2051 126 66 canal
818 2051 70 66 à
832 2051 126 66 Venise.

525 2139 222 65 MAHLER
680 2139 244 65 (Paul),
858 2139 133 65 né
925 2139 111 65 à
969 2139 333 65 Strasbourg,
1236 2139 200 65 élève
1369 2139 133 65 de
1436 2139 156 65 MM.
1503 2139 133 65 Bel-

564 2201 262 53 lecroix,
761 2201 218 53 Gérôme
914 2201 131 53 et
979 2201 131 53 P.
1045 2201 197 53 Saïn.
1176 2201 109 53 —
1219 2201 218 53 Avenue
1372 2201 262 53 d’Eylau,
1547 2201 87 53 9,

563 2239 238 51 Paris,
730 2239 143 51 et
801 2239 190 51 chez
920 2239 143 51 M.
992 2239 286 51 Houzard,
1206 2239 167 51 rue
1301 2239 143 51 de
1372 2239 143 51 la
1420 2239 214 51 Grosse-

564 2274 278 72 Horloge,
749 2274 185 72 Rouen.

528 2340 235 57 431
713 2340 185 57 Rapport
848 2340 101 57 du
898 2340 135 57 poil
982 2340 219 57 (champion
1133 2340 135 57 Myra).

527 2407 247 59 432
721 2407 194 59 Rapport
862 2407 106 59 de
915 2407 106 59 la
968 2407 159 59 plume
1074 2407 229 59 (champion
1232 2407 159 59 Marco).

1144 2469 200 72 (Voir
1295 2469 117 72 aux
1345 2469 250 72 Dessins)
