1955 3149
406 437 114 57 62

916 429 270 75 PEINTURE.

565 539 333 64 PARDONNEAU
827 539 286 64 (Jules),
1041 539 143 64 né
1113 539 119 64 à
1160 539 238 64 Tours,
1327 539 214 64 élève
1470 539 143 64 de
1517 539 167 64 Jules

608 600 246 56 Goupil.
786 600 112 56 —
831 600 223 56 Avenue
987 600 134 56 de
1054 600 134 56 la
1121 600 379 56 Grande-Armée,
1433 600 156 56 19,
1500 600 179 56 Paris.

449 646 227 78 506
615 646 121 78 Roses.

567 737 196 53 PARIS
698 737 305 53 (Camille),
938 737 131 53 né
1004 737 109 53 à
1047 737 218 53 Paris,
1200 737 196 53 élève
1331 737 131 53 de
1396 737 153 53 Ary
1462 737 218 53 Scheffer

609 787 134 44 et
676 787 134 44 de
742 787 223 44 Picot;
899 787 178 44 méd.
1010 787 134 44 3e
1077 787 178 44 cl..
1188 787 223 44 Paris,
1345 787 201 44 1874.
1478 787 111 44 —
1523 787 156 44 Rue
1590 787 89 44 de

608 824 337 36 Vintimille,
877 824 157 36 16,
967 824 224 36 Paris,
1124 824 135 36 et
1191 824 112 36 à
1236 824 269 36 Barbizon
1416 824 269 36 (Seine

581 864 217 50 Marne).

444 923 290 45 507
676 923 232 45 Troupeau
850 923 116 45 de
908 923 174 45 bœufs
1023 923 116 45 et
1081 923 193 45 vaches
1197 923 271 45 s’abreuvant.

445 967 284 69 508
672 967 114 69 Le
729 967 189 69 Sablon
862 967 189 69 blanc;
994 967 170 69 forêt
1108 967 114 69 de
1146 967 303 69 Fontainebleau.

567 1049 250 69 PARQUET
749 1049 319 69 (Gustave),
1000 1049 137 69 né
1068 1049 114 69 à
1114 1049 296 69 Beauvais;
1341 1049 182 69 méd.
1455 1049 137 69 de
1501 1049 182 69 verm.,

606 1109 258 45 Amiens,
793 1109 375 45 Châteauroux,
1097 1109 422 45 Saint-Quentin;
1449 1109 141 45 M.
1519 1109 141 45 H.
1566 1109 117 45 (au

607 1159 180 47 noir
719 1159 135 47 et
786 1159 247 47 blanc),
966 1159 224 47 Paris,
1123 1159 269 47 Concours
1325 1159 135 47 du
1392 1159 247 47 Figaro,
1549 1159 135 47 Poi-

601 1192 252 68 tiers,
777 1192 353 68 Perpignan.
1054 1192 126 68 —
1105 1192 176 68 Rue
1205 1192 151 68 du
1256 1192 428 68 Faubourg-

606 1226 237 78 Honoré,
779 1226 172 78 233,
865 1226 172 78 Paris.

446 1279 234 71 509
634 1279 94 71 Le
665 1279 94 71 Cob.

441 1336 270 81 510
657 1336 126 81 Les
729 1336 180 81 grands
836 1336 162 81 danois.

1185 1374 202 89 (Voir
1336 1374 118 89 aux
1387 1374 252 89 Dessins)

562 1468 218 63 PELEZ
707 1468 146 63 DE
780 1468 267 63 CORDOVA
974 1468 485 63 (Fernand-Louis),
1387 1468 146 63 né
1460 1468 121 63 à
1484 1468 194 63 Paris,

604 1516 206 63 élève
741 1516 137 63 de
810 1516 274 63 Neuville
1015 1516 137 63 et
1084 1516 137 63 de
1153 1516 137 63 M.
1221 1516 251 63 Gérôme;
1404 1516 206 63 méd.,
1518 1516 160 63 Rouen

605 1556 131 48 et
671 1556 197 48 Nice.
802 1556 109 48 —
846 1556 153 48 Rue
933 1556 241 48 Ampère,
1108 1556 153 48 89,
1174 1556 175 48 Paris.

442 1603 279 62 511
665 1603 112 62 Le
721 1603 186 62 retour
851 1603 112 62 au
907 1603 167 62 foyer
1019 1603 260 62 (intérieur
1223 1603 112 62 de
1279 1603 167 62 ferme
1390 1603 112 62 en
1427 1603 149 62 1793).

563 1688 234 60 PELOUX
726 1688 374 60 (Ferdinand),
1030 1688 140 60 né
1100 1688 117 60 à
1147 1688 234 60 Nîmes;
1310 1688 280 60 diverses
1497 1688 187 60 récom-

607 1750 223 51 penses
763 1750 134 51 en
830 1750 290 51 province.
1053 1750 112 51 —
1098 1750 223 51 Ruelle
1254 1750 424 51 Sainte-Eugénie,
1589 1750 89 51 1,

577 1781 205 57 Nîmes.

443 1834 276 59 512
663 1834 202 59 L’étang
810 1834 110 59 de
865 1834 165 59 Thau,
976 1834 92 59 à
1012 1834 165 59 Cette
1104 1834 221 59 (Hérault).

443 1891 284 58 513
670 1891 113 58 En
727 1891 151 58 mai,
821 1891 151 58 dans
916 1891 113 58 la
973 1891 189 58 plaine
1105 1891 113 58 de
1143 1891 151 58 Nîmes.

1188 1946 202 80 (Voir
1339 1946 118 80 aux
1390 1946 252 80 Dessins)

561 2042 292 53 PERNELLE
780 2042 463 53 (Ernest-Marie),
1170 2042 146 53 né
1243 2042 122 53 à
1291 2042 244 53 Paris,
1462 2042 219 53 élève
1584 2042 97 53 de

607 2084 237 44 l’Ecole
780 2084 280 44 nationale
995 2084 151 44 des
1081 2084 301 44 Beaux-Arts
1317 2084 129 44 et
1382 2084 129 44 de
1446 2084 151 44 MM.
1532 2084 129 44 J.
1575 2084 108 44 Le-

604 2128 247 44 febvre,
783 2128 292 44 Boulanger
1007 2128 135 44 et
1075 2128 135 44 J.
1142 2128 224 44 Blanc.
1299 2128 112 44 —
1344 2128 224 44 Avenue
1501 2128 135 44 du
1545 2128 135 44 Val-

605 2172 314 66 de-Beauté,
851 2172 157 66 88,
918 2172 426 66 Nogent

443 2220 287 83 514
673 2220 134 83 Les
749 2220 172 83 boids
864 2220 115 83 de
922 2220 115 83 la
979 2220 172 83 Marne
1094 2220 96 83 à
1132 2220 230 83 Créteil,
1305 2220 115 83 au
1343 2220 153 83 matin.

564 2298 315 63 PERRICHON
806 2298 340 63 (Georges),
1073 2298 146 63 né
1146 2298 121 63 à
1195 2298 243 63 Paris;
1365 2298 146 63 A.
1437 2298 146 63 g.
1510 2298 121 63 —
1534 2298 146 63 Chez

607 2358 124 51 M.
669 2358 248 51 Olivier,
855 2358 145 51 rue
938 2358 124 51 de
1000 2358 206 51 Passy,
1144 2358 145 51 52,
1227 2358 206 51 Paris,
1371 2358 124 51 et
1433 2358 103 51 à
1454 2358 227 51 Andeville

583 2395 183 66 (Oise).

445 2445 272 68 515
662 2445 163 68 Bords
771 2445 109 68 du
825 2445 199 68 Thérain
952 2445 163 68 (Oise).

446 2503 251 75 516
647 2503 151 75 Repos
747 2503 100 75 au
781 2503 117 75 bois.
