1998 3149
680 437 279 64 PEINTURE.

1346 433 108 77 63

338 537 178 75 PERS
449 537 156 75 (Me
538 537 290 75 Blanche),
761 537 156 75 née
850 537 111 75 à
895 537 223 75 Paris,
1051 537 201 75 élève
1185 537 134 75 de
1251 537 134 75 A.
1296 537 156 75 Homo;

374 595 130 43 M.
439 595 151 43 H.,
526 595 324 43 Versailles,
785 595 194 43 1887,
914 595 194 43 1888.
1044 595 108 43 —
1087 595 281 43 Boulevard
1281 595 173 43 Males-

376 636 226 72 herbes,
541 636 144 72 60,
603 636 164 72 Paris.

218 698 256 56 517
423 698 171 56 Nature
525 698 137 56 morte.

218 754 246 80 518
415 754 131 80 Tête
497 754 99 80 de
530 754 131 80 chien.

329 861 332 62 PERTUISET
585 861 332 62 (Eugène),
841 861 153 62 né
917 861 128 62 à
968 861 256 62 Genève
1147 861 332 62 (Suisse).
1377 861 77 62 —

379 909 233 74 Passage
548 909 127 74 de
612 909 593 74 l’Elysée-des-Beaux-Arts,
1141 909 148 74 14,
1205 909 169 74 Paris.

213 968 270 79 519
429 968 216 79 Tigresse
590 968 198 79 gardant
734 968 126 79 son
788 968 144 79 petit.

210 1038 274 75 520
429 1038 146 75 Côte
520 1038 110 75 de
575 1038 110 75 la
611 1038 274 75 Terre

331 1119 281 71 PÉTILLON
541 1119 281 71 (Jules),
752 1119 140 71 né
822 1119 117 71 à
868 1119 234 71 Paris,
1032 1119 210 71 élève
1172 1119 140 71 de
1243 1119 140 71 M.
1289 1119 164 71 Luigi

371 1181 216 53 Loir;
515 1181 192 53 méd.
635 1181 144 53 de
707 1181 192 53 br.,
827 1181 504 53 Boulogne-sur-Mer,
1235 1181 216 53 Amiens,

372 1222 234 49 Nîmes;
536 1222 188 49 méd.
653 1222 258 49 d’arg.,
840 1222 492 49 Boulogne-sur-Mer,
1239 1222 211 49 Amiens,

377 1261 269 56 Langres,
578 1261 201 56 1888;
712 1261 179 56 méd.
824 1261 134 56 de
891 1261 224 56 verm.,
1048 1261 336 56 Versailles,
1294 1261 157 56 1888,

377 1305 245 79 Rennes.
555 1305 112 79 —
600 1305 290 79 Boulevard
823 1305 268 79 Magenta,
1024 1305 134 79 6,
1068 1305 179 79 Paris.

212 1362 272 78 521
430 1362 145 78 Parc
520 1362 109 78 de
557 1362 181 78 Lamalou.

333 1456 285 62 PETIVILLE
552 1456 219 62 (Henri
706 1456 175 62 de),
815 1456 132 62 né
881 1456 110 62 à
925 1456 329 62 Saint-Sever
1166 1456 285 62 (Calvados),

373 1508 220 48 élève
519 1508 147 48 de
593 1508 171 48 MM.
691 1508 269 48 Carolus
887 1508 220 48 Duran
1034 1508 147 48 et
1107 1508 269 48 Damoye;
1279 1508 171 48 méd.,

377 1548 197 50 Caen,
509 1548 197 50 Niort
640 1548 132 50 et
706 1548 285 50 Chaumont.
925 1548 110 50 —
969 1548 197 50 Place
1100 1548 241 50 Castel,
1276 1548 132 50 2,
1320 1548 132 50 Vire

352 1583 282 70 (Calvados).

213 1631 267 94 522
427 1631 125 94 Les
498 1631 142 94 Vaux
587 1631 107 94 de
622 1631 125 94 Vire.

213 1714 277 59 523
434 1714 203 59 L’étang
581 1714 129 59 des
655 1714 240 59 Chartreux
821 1714 203 59 (Sarthe).

329 1800 260 68 PEYROL
511 1800 286 68 (René),
719 1800 156 68 né
797 1800 130 68 à
849 1800 260 68 Paris,
1030 1800 234 68 élève
1186 1800 156 68 de
1264 1800 182 68 MM.
1342 1800 104 68 G.

375 1862 292 59 Boulanger
599 1862 135 59 et
666 1862 135 59 J.
734 1862 292 59 Lefebvre.
958 1862 112 59 —
1003 1862 157 59 Rue
1093 1862 135 59 de
1160 1862 269 59 Crussol,
1340 1862 112 59 14,

357 1900 171 55 Paris.

217 1951 252 78 524
419 1951 151 78 Après
520 1951 101 78 la
554 1951 151 78 chasse.

333 2042 457 77 PEYROL-BONHEUR
713 2042 203 77 (Mme
840 2042 355 77 Juliette),
1119 2042 178 77 née
1221 2042 127 77 à
1246 2042 203 77 Paris,

374 2101 202 63 élève
508 2101 135 63 de
575 2101 157 63 son
665 2101 202 63 père;
800 2101 135 63 M.
867 2101 157 63 H.,
957 2101 224 63 Paris.
1114 2101 112 63 —
1158 2101 157 63 Rue
1248 2101 135 63 de
1293 2101 157 63 Crus-

379 2142 158 67 sol,
478 2142 138 67 14,
537 2142 158 67 Paris.

213 2201 262 69 525
422 2201 244 69 Chevreuils
614 2201 140 69 sous
684 2201 122 69 bois.

334 2280 302 77 PHILIPPAR
566 2280 209 77 (Mlle
705 2280 511 77 Jeanne-Charlotte),
1146 2280 162 77 née
1239 2280 116 77 à
1262 2280 186 77 Paris,

376 2348 215 68 élève
519 2348 143 68 de
591 2348 167 68 MM.
687 2348 143 68 J.
758 2348 287 68 Lefebvre
973 2348 143 68 et
1045 2348 334 68 Boulanger.
1308 2348 119 68 —
1332 2348 119 68 Rue

377 2392 397 51 Saint-Augustin,
711 2392 125 51 5,
753 2392 167 51 Paris.

211 2442 259 75 526
418 2442 172 75 Nature
521 2442 138 75 morte.

964 2501 198 80 (Voir
1112 2501 116 80 aux
1162 2501 248 80 Dessins)
