1998 3149
667 403 273 82 PEINTURE

1346 407 102 67 71

325 501 498 82 SAUVAGE-DUMENIL
744 501 210 82 (Mme
875 501 315 82 Louise),
1111 501 184 82 née
1216 501 131 82 à
1242 501 210 82 Rouen,

371 570 205 62 élève
508 570 136 62 de
576 570 136 62 M.
644 570 136 62 E.
712 570 296 62 Renouard.
940 570 114 62 —
985 570 227 62 Bernay
1122 570 227 62 (Eure)..

212 626 274 74 600
431 626 219 74 Portrait
595 626 110 74 de
650 626 164 74 Louis
741 626 183 74 Sauvage.

212 673 264 89 601
423 673 211 89 Portrait
582 673 106 89 de
635 673 106 89 C.
670 673 158 89 Merlin.

960 737 200 80 (Voir
1110 737 117 80 aux
1160 737 250 80 Dessins)

329 812 263 77 SCHMIDT
520 812 311 77 (Lucien),
760 812 143 77 né
831 812 120 77 à
879 812 287 77 Mieillin
1070 812 383 77 (Haute

373 879 198 50 élève
505 879 132 50 de
571 879 132 50 M.
637 879 286 50 Flandrin;
857 879 132 50 M.
923 879 154 50 H.,
1011 879 220 50 Paris,
1165 879 198 50 1863;
1297 879 110 50 8
1319 879 132 50 méd.

373 920 130 53 en
438 920 281 53 province.
654 920 108 53 —
697 920 151 53 Rue
784 920 302 53 d’Orléans,
1022 920 151 53 71,
1086 920 346 53 Saint

212 965 286 63 602
441 965 134 63 Une
517 965 248 63 bourriche
708 965 191 63 gibier
842 965 229 63 (lièvres
1014 965 115 63 et
1071 965 191 63 lapins
1205 965 115 63 de
1243 965 210 63 garenne).

215 1028 268 69 603
430 1028 107 69 Un
483 1028 179 69 panier
608 1028 107 69 de
644 1028 179 69 perdrix.

330 1123 268 58 SERRES
518 1123 349 58 (Antony),
786 1123 161 58 né
867 1123 134 58 à
920 1123 322 58 Bordeaux
1135 1123 322 58 (Gironde),

379 1170 127 45 10
442 1170 170 45 méd.
549 1170 191 45 d’or,
676 1170 127 45 de
740 1170 255 45 vermeil,
931 1170 212 45 d’arg.
1079 1170 127 45 et
1143 1170 127 45 de
1206 1170 149 45 br.
1291 1170 127 45 en
1334 1170 127 45 pro-

374 1208 241 69 vince.
543 1208 121 69 —
591 1208 241 69 Avenue
760 1208 145 69 de
832 1208 289 69 Custine,
1049 1208 145 69 3,
1097 1208 362 69 Saint

361 1248 377 67 (Seine

220 1304 283 74 604
446 1304 264 74 Marguerite
654 1304 94 74 à
691 1304 226 74 l’église
861 1304 132 74 (Le
937 1304 170 74 Faust
1050 1304 113 74 de
1087 1304 170 74 Gœthe).

223 1361 262 59 605
432 1361 105 59 Un
485 1361 192 59 ouvrier
624 1361 140 59 sans
694 1361 175 59 travail.

341 1458 262 64 SERRIER
532 1458 334 64 (Georges),
794 1458 143 64 né
866 1458 119 64 à
914 1458 334 64 Thionville
1152 1458 310 64 (Lorraine);

384 1506 183 48 méd.
499 1506 252 48 d’arg.,
682 1506 298 48 Beauvais,
911 1506 206 48 1885;
1025 1506 435 48 Boulogne

383 1541 195 66 1887.
513 1541 108 66 —
557 1541 152 66 Rue
643 1541 130 66 de
708 1541 217 66 Douai,
860 1541 152 66 65,
925 1541 173 66 Paris.

227 1596 279 86 606
451 1596 112 86 Un
507 1596 186 86 hameau
637 1596 149 86 dans
730 1596 112 86 la
768 1596 130 86 Brie.

345 1683 269 66 SÉRUSIER
546 1683 515 66 (Louis-Paul-Henri),
994 1683 134 66 né
1062 1683 112 66 à
1106 1683 224 66 Paris,
1263 1683 202 66 élève
1375 1683 90 66 de

386 1744 161 46 MM.
478 1744 138 46 G.
547 1744 299 46 Boulanger
777 1744 138 46 et
846 1744 138 46 J.
915 1744 299 46 Lefebvre.
1144 1744 115 46 —
1190 1744 207 46 Place
1328 1744 138 46 de
1374 1744 92 46 la

384 1788 296 69 Madeleine,
616 1788 148 69 19,
680 1788 169 69 Paris.

227 1841 275 65 607
447 1841 238 65 Intérieur
630 1841 92 65 à
667 1841 238 65 Pont-Aven
831 1841 257 65 (Finistère).

348 1924 209 64 SIJAS
487 1924 279 64 (Henri),
697 1924 140 64 né
767 1924 116 64 à
813 1924 372 64 Montpellier,
1116 1924 209 64 élève
1256 1924 140 64 de
1325 1924 140 64 M.
1372 1924 93 64 L.

391 1978 281 44 Pelouse;
601 1978 187 44 méd.
718 1978 234 44 d’arg.
882 1978 140 44 et
952 1978 140 44 de
1022 1978 164 44 br.
1116 1978 140 44 en
1186 1978 304 44 province.
1397 1978 70 44 —

391 2017 151 56 Rue
478 2017 258 56 Chaptal,
671 2017 151 56 43,
757 2017 344 56 Montpellier,
1037 2017 129 56 et
1101 2017 151 56 rue
1187 2017 258 56 Vanneau,
1359 2017 108 56 35,

370 2062 179 68 Paris.

230 2118 289 65 608
461 2118 193 65 Chemin
596 2118 173 65 creux
711 2118 96 65 à
750 2118 250 65 Pont-Aven
923 2118 270 65 (Finistère).

231 2175 273 55 609
449 2175 236 55 Clairière
631 2175 109 55 de
685 2175 236 55 Rustephan
849 2175 254 55 (Finistère).

349 2245 285 87 SIMONNET
563 2245 308 87 (Lucien),
800 2245 142 87 né
871 2245 119 87 à
919 2245 237 87 Paris,
1085 2245 213 87 élève
1227 2245 142 87 de
1298 2245 166 87 MM.
1369 2245 95 87 A.

393 2315 240 47 Nozal,
561 2315 144 47 J.
633 2315 288 47 Lefebvre
849 2315 144 47 et
921 2315 144 47 G.
992 2315 336 47 Boulanger.
1256 2315 120 47 —
1304 2315 168 47 Rue
1376 2315 96 47 de

400 2358 368 58 Ville-d’Avray,
706 2358 123 58 8,
768 2358 205 58 Sèvres
891 2358 368 58 (Seine

235 2414 267 65 610
449 2414 107 65 La
502 2414 249 65 cueillette
698 2414 107 65 du
752 2414 178 65 cassis
876 2414 89 65 à
894 2414 178 65 Garches.

236 2473 233 68 611
423 2473 109 68 Les
470 2473 186 68 cerisiers.
