1998 3149
632 431 280 63 PEINTURE.

1300 412 110 63 77

297 516 223 75 VIGNET
453 516 268 75 (Henri),
654 516 134 75 né
721 516 112 75 à
766 516 223 75 Rouen,
922 516 201 75 élève
1056 516 134 75 de
1123 516 134 75 M.
1190 516 134 75 E.
1234 516 179 75 Lebel.

332 590 117 68 —
378 590 164 68 Rue
472 590 140 68 du
542 590 304 68 Haut-Pas,
776 590 164 68 37,
846 590 210 68 Dieppe.

174 635 279 67 669
397 635 223 67 L’ancien
546 635 297 67 Pont

174 700 281 77 670
399 700 168 77 Bords
511 700 112 77 de
567 700 112 77 la
624 700 168 77 Seine
736 700 94 77 à
755 700 168 77 Bédane.

291 756 282 109 VINCENT
496 756 358 109 (Georges),
778 756 154 109 né
855 756 128 109 à
906 756 282 109 Clamecy
1111 756 333 109 (Nièvre).
1341 756 77 109 —

336 842 155 60 Rue
424 842 244 60 Brézin,
602 842 133 60 5,
646 842 177 60 Paris.

181 894 260 79 671
389 894 174 79 Cuisse
511 894 104 79 de
563 894 139 79 porc
632 894 139 79 frais.

184 955 273 70 672
402 955 200 70 Morceau
548 955 109 70 de
585 955 128 70 bœuf.

304 1026 228 74 VOLLON
464 1026 183 74 fils
578 1026 297 74 (Alexis),
807 1026 137 74 né
875 1026 114 74 à
921 1026 228 74 Paris,
1081 1026 206 74 élève
1218 1026 137 74 de
1286 1026 137 74 M.
1332 1026 91 74 A.

344 1087 290 57 Vollon;
554 1087 158 57 M.
634 1087 184 57 H.,
739 1087 264 57 Paris,
923 1087 237 57 1885;
1081 1087 211 57 méd.
1213 1087 158 57 3e
1266 1087 158 57 cl.,

341 1123 220 76 Paris,
495 1123 198 76 1888.
628 1123 110 76 —
672 1123 154 76 Rue
760 1123 375 76 Rochechouart,
1068 1123 154 76 67,
1135 1123 176 76 Paris.

184 1186 283 60 673
411 1186 264 60 Attributs,
618 1186 227 60 peinture
788 1186 113 60 et
845 1186 245 60 sculpture
1034 1186 208 60 (nature
1166 1186 170 60 morte).

190 1242 248 74 674
388 1242 132 74 Tête
470 1242 99 74 de
520 1242 149 74 jeune
602 1242 132 74 fille.

309 1324 167 80 VOS
405 1324 453 80 (Henri-Martin),
786 1324 143 80 né
858 1324 119 80 à
905 1324 310 80 Amsterdam
1120 1324 310 80 (Hollande),

347 1395 227 45 élève
498 1395 152 45 de
574 1395 177 45 MM.
675 1395 253 45 Bonnat
852 1395 152 45 et
928 1395 278 45 Cormon.
1130 1395 126 45 —
1180 1395 177 45 Rue
1256 1395 177 45 Cons-

347 1434 218 53 tance,
500 1434 153 53 11,
565 1434 414 53 Paris

190 1480 261 77 675
399 1480 122 77 Une
451 1480 174 77 méprise.

307 1561 300 70 WAIDMANN
532 1561 325 70 (Pierre),
782 1561 150 70 né
857 1561 125 70 à
908 1561 350 70 Remiremont
1158 1561 275 70 (Vosges),

352 1617 199 57 élève
485 1617 133 57 de
551 1617 155 57 MM.
640 1617 288 57 Français,
861 1617 243 57 Humbert
1038 1617 133 57 et
1104 1617 243 57 Gervex;
1281 1617 111 57 2
1303 1617 133 57 méd.

354 1667 133 51 de
420 1667 177 51 br.,
531 1667 243 51 Epinal;
707 1667 287 51 mentions,
928 1667 309 51 Versailles
1171 1667 133 51 et
1237 1667 221 51 Dijon.
1370 1667 66 51 —

357 1708 152 63 Rue
444 1708 131 63 de
510 1708 283 63 Lisbonne,
727 1708 152 63 66,
793 1708 174 63 Paris.

195 1766 280 73 676
419 1766 168 73 Étang
531 1766 112 73 de
588 1766 187 73 Hénoïs
700 1766 205 73 (Vosges).

192 1812 296 86 677
429 1812 178 86 Champ
547 1812 118 86 de
607 1812 197 86 seigle
745 1812 99 86 à
764 1812 257 86 Remiremont.

318 1889 206 78 WEBER
455 1889 343 78 (Théodore),
730 1889 137 78 né
798 1889 114 78 à
844 1889 251 78 Leipzig
1027 1889 343 78 (naturalisé
1278 1889 160 78 fran-

366 1972 203 38 çais);
508 1972 243 38 Officier
690 1972 122 38 de
751 1972 304 38 l’Osmanhié;
994 1972 162 38 méd.
1095 1972 122 38 et
1156 1972 122 38 M.
1216 1972 142 38 H.,
1277 1972 162 38 Rouen,

365 2007 211 45 Paris,
512 2007 253 45 Londres,
702 2007 358 45 Philadelphie,
997 2007 126 45 Le
1061 2007 211 45 Havre,
1208 2007 169 45 etc.
1314 2007 105 45 —
1335 2007 105 45 Rue

364 2044 147 64 des
448 2044 252 64 Martyrs,
637 2044 147 64 37,
700 2044 168 64 Paris.

200 2097 281 62 678
425 2097 187 62 Départ
556 2097 150 62 pour
649 2097 112 62 la
705 2097 168 62 pêche
818 2097 94 62 à
836 2097 150 62 Yport.

201 2162 275 51 679
421 2162 183 51 Retour
549 2162 110 51 de
604 2162 110 51 la
659 2162 165 51 pêche
769 2162 92 51 à
787 2162 147 51 Yport.

843 2200 333 76 Appartiennent
1118 2200 98 76 à
1157 2200 118 76 M.
1196 2200 196 76 Houzard.

322 2290 275 68 WEISSER
522 2290 350 68 (Charles),
797 2290 150 68 né
872 2290 125 68 à
922 2290 375 68 Montbéliard
1197 2290 250 68 (Doubs),

359 2341 233 62 élève
514 2341 155 62 de
592 2341 181 62 MM.
696 2341 259 62 Gérôme
877 2341 155 62 et
954 2341 259 62 Morot.
1135 2341 129 62 —
1161 2341 285 62 Boulevard

365 2391 384 66 Saint-Jacques,
685 2391 150 66 49,
749 2391 171 66 Paris.

210 2440 255 79 680
414 2440 102 79 Un
448 2440 153 79 fumeur.

211 2507 255 70 681
415 2507 170 70 Retour
534 2507 102 70 de
568 2507 153 70 soirée.
