<alto xmlns:xsi="http://www.w3.org/2001/XMLSchema-instance" xmlns="http://www.loc.gov/standards/alto/ns-v2#" xmlns:page="http://schema.primaresearch.org/PAGE/gts/pagecontent/2013-07-15" xsi:schemaLocation="http://www.loc.gov/standards/alto/ns-v2# http://www.loc.gov/standards/alto/alto.xsd">
  <Description>
    <MeasurementUnit>mm10</MeasurementUnit>
    <sourceImageInformation>
         <fileName>91.jpg</fileName>
      </sourceImageInformation>
    <OCRProcessing ID="IdOcr">
      <ocrProcessingStep>
        <processingDateTime>2020-10-31T11:46:09.729+01:00</processingDateTime>
        <processingSoftware>
               <softwareCreator>CONTRIBUTORS</softwareCreator>
               <softwareName>pdfalto</softwareName>
               <softwareVersion>0.1</softwareVersion>
            </processingSoftware>
      </ocrProcessingStep>
    </OCRProcessing>
  </Description>  
<Styles>
   <TextStyle ID="FONT0" FONTFAMILY="unknown" FONTSIZE="unknown" FONTSTYLE=""/>
   <TextStyle ID="FONT1" FONTFAMILY="unknown" FONTSIZE="unknown" FONTSTYLE="bold"/>
   <TextStyle ID="FONT2" FONTFAMILY="unknown" FONTSIZE="unknown" FONTSTYLE="italics"/>
</Styles>
  <Tags/>
  <Layout>
    <Page ID="Page1" PHYSICAL_IMG_NR="1" HEIGHT="3149" WIDTH="1998">
      <PrintSpace HEIGHT="2862" WIDTH="1767" VPOS="136" HPOS="0">
        <TextBlock ID="r_1_1" HEIGHT="30" WIDTH="183" VPOS="462" HPOS="746">
          <TextLine ID="tl_1" BASELINE="516" HEIGHT="69" WIDTH="195" VPOS="447" HPOS="740">
            <String HEIGHT="69" WIDTH="244" VPOS="447" HPOS="691" CONTENT="DESSINS." ID="tl_1_1" STYLEREFS="FONT0"/>
          </TextLine>
        </TextBlock>
        <TextBlock ID="r_2_1" HEIGHT="35" WIDTH="43" VPOS="450" HPOS="1399">
          <TextLine ID="tl_2" BASELINE="495" HEIGHT="67" WIDTH="56" VPOS="428" HPOS="1392">
            <String HEIGHT="67" WIDTH="112" VPOS="428" HPOS="1336" CONTENT="85" ID="tl_2_1" STYLEREFS="FONT0"/>
          </TextLine>
        </TextBlock>
        <TextBlock ID="r_3_1" HEIGHT="172" WIDTH="1082" VPOS="562" HPOS="356">
          <TextLine ID="tl_3" BASELINE="612" HEIGHT="73" WIDTH="1095" VPOS="539" HPOS="349">
            <String HEIGHT="73" WIDTH="274" VPOS="539" HPOS="326" CONTENT="CHRISTEN" ID="tl_3_1" STYLEREFS="FONT0"/>
            <SP HEIGHT="73" WIDTH="23" VPOS="539" HPOS="600"/>
            <String HEIGHT="73" WIDTH="274" VPOS="539" HPOS="532" CONTENT="(Henri)," ID="tl_3_2" STYLEREFS="FONT0"/>
            <SP HEIGHT="73" WIDTH="23" VPOS="539" HPOS="805"/>
            <String HEIGHT="73" WIDTH="137" VPOS="539" HPOS="737" CONTENT="né" ID="tl_3_3" STYLEREFS="FONT0"/>
            <SP HEIGHT="73" WIDTH="23" VPOS="539" HPOS="874"/>
            <String HEIGHT="73" WIDTH="114" VPOS="539" HPOS="805" CONTENT="à" ID="tl_3_4" STYLEREFS="FONT0"/>
            <SP HEIGHT="73" WIDTH="23" VPOS="539" HPOS="919"/>
            <String HEIGHT="73" WIDTH="228" VPOS="539" HPOS="851" CONTENT="Paris," ID="tl_3_5" STYLEREFS="FONT0"/>
            <SP HEIGHT="73" WIDTH="23" VPOS="539" HPOS="1079"/>
            <String HEIGHT="73" WIDTH="205" VPOS="539" HPOS="1011" CONTENT="élève" ID="tl_3_6" STYLEREFS="FONT0"/>
            <SP HEIGHT="73" WIDTH="23" VPOS="539" HPOS="1216"/>
            <String HEIGHT="73" WIDTH="137" VPOS="539" HPOS="1147" CONTENT="de" ID="tl_3_7" STYLEREFS="FONT0"/>
            <SP HEIGHT="73" WIDTH="23" VPOS="539" HPOS="1284"/>
            <String HEIGHT="73" WIDTH="160" VPOS="539" HPOS="1216" CONTENT="son" ID="tl_3_8" STYLEREFS="FONT0"/>
            <SP HEIGHT="73" WIDTH="23" VPOS="539" HPOS="1376"/>
            <String HEIGHT="73" WIDTH="160" VPOS="539" HPOS="1284" CONTENT="père;" ID="tl_3_9" STYLEREFS="FONT0"/>
          </TextLine>
          <TextLine ID="tl_4" BASELINE="646" HEIGHT="50" WIDTH="1052" VPOS="596" HPOS="391">
            <String HEIGHT="50" WIDTH="187" VPOS="596" HPOS="368" CONTENT="méd." ID="tl_4_1" STYLEREFS="FONT0"/>
            <SP HEIGHT="50" WIDTH="23" VPOS="596" HPOS="555"/>
            <String HEIGHT="50" WIDTH="234" VPOS="596" HPOS="485" CONTENT="d’arg," ID="tl_4_2" STYLEREFS="FONT0"/>
            <SP HEIGHT="50" WIDTH="23" VPOS="596" HPOS="718"/>
            <String HEIGHT="50" WIDTH="140" VPOS="596" HPOS="648" CONTENT="et" ID="tl_4_3" STYLEREFS="FONT0"/>
            <SP HEIGHT="50" WIDTH="23" VPOS="596" HPOS="788"/>
            <String HEIGHT="50" WIDTH="210" VPOS="596" HPOS="718" CONTENT="d’or," ID="tl_4_4" STYLEREFS="FONT0"/>
            <SP HEIGHT="50" WIDTH="23" VPOS="596" HPOS="929"/>
            <String HEIGHT="50" WIDTH="234" VPOS="596" HPOS="859" CONTENT="Rouen," ID="tl_4_5" STYLEREFS="FONT0"/>
            <SP HEIGHT="50" WIDTH="23" VPOS="596" HPOS="1092"/>
            <String HEIGHT="50" WIDTH="140" VPOS="596" HPOS="1022" CONTENT="E." ID="tl_4_6" STYLEREFS="FONT0"/>
            <SP HEIGHT="50" WIDTH="23" VPOS="596" HPOS="1162"/>
            <String HEIGHT="50" WIDTH="164" VPOS="596" HPOS="1092" CONTENT="R.," ID="tl_4_7" STYLEREFS="FONT0"/>
            <SP HEIGHT="50" WIDTH="23" VPOS="596" HPOS="1256"/>
            <String HEIGHT="50" WIDTH="210" VPOS="596" HPOS="1186" CONTENT="1884;" ID="tl_4_8" STYLEREFS="FONT0"/>
            <SP HEIGHT="50" WIDTH="23" VPOS="596" HPOS="1396"/>
            <String HEIGHT="50" WIDTH="140" VPOS="596" HPOS="1303" CONTENT="méd." ID="tl_4_9" STYLEREFS="FONT0"/>
          </TextLine>
          <TextLine ID="tl_5" BASELINE="689" HEIGHT="52" WIDTH="1054" VPOS="637" HPOS="389">
            <String HEIGHT="52" WIDTH="224" VPOS="637" HPOS="367" CONTENT="d’arg." ID="tl_5_1" STYLEREFS="FONT0"/>
            <SP HEIGHT="52" WIDTH="22" VPOS="637" HPOS="591"/>
            <String HEIGHT="52" WIDTH="135" VPOS="637" HPOS="524" CONTENT="et" ID="tl_5_2" STYLEREFS="FONT0"/>
            <SP HEIGHT="52" WIDTH="22" VPOS="637" HPOS="658"/>
            <String HEIGHT="52" WIDTH="135" VPOS="637" HPOS="591" CONTENT="de" ID="tl_5_3" STYLEREFS="FONT0"/>
            <SP HEIGHT="52" WIDTH="22" VPOS="637" HPOS="725"/>
            <String HEIGHT="52" WIDTH="224" VPOS="637" HPOS="658" CONTENT="verm.," ID="tl_5_4" STYLEREFS="FONT0"/>
            <SP HEIGHT="52" WIDTH="22" VPOS="637" HPOS="882"/>
            <String HEIGHT="52" WIDTH="314" VPOS="637" HPOS="815" CONTENT="Cherbourg," ID="tl_5_5" STYLEREFS="FONT0"/>
            <SP HEIGHT="52" WIDTH="22" VPOS="637" HPOS="1129"/>
            <String HEIGHT="52" WIDTH="202" VPOS="637" HPOS="1062" CONTENT="1886;" ID="tl_5_6" STYLEREFS="FONT0"/>
            <SP HEIGHT="52" WIDTH="22" VPOS="637" HPOS="1264"/>
            <String HEIGHT="52" WIDTH="179" VPOS="637" HPOS="1196" CONTENT="méd." ID="tl_5_7" STYLEREFS="FONT0"/>
            <SP HEIGHT="52" WIDTH="22" VPOS="637" HPOS="1376"/>
            <String HEIGHT="52" WIDTH="157" VPOS="637" HPOS="1286" CONTENT="d’or," ID="tl_5_8" STYLEREFS="FONT0"/>
          </TextLine>
          <TextLine ID="tl_6" BASELINE="745" HEIGHT="66" WIDTH="1057" VPOS="679" HPOS="388">
            <String HEIGHT="66" WIDTH="132" VPOS="679" HPOS="366" CONTENT="Le" ID="tl_6_1" STYLEREFS="FONT0"/>
            <SP HEIGHT="66" WIDTH="22" VPOS="679" HPOS="498"/>
            <String HEIGHT="66" WIDTH="220" VPOS="679" HPOS="432" CONTENT="Havre," ID="tl_6_2" STYLEREFS="FONT0"/>
            <SP HEIGHT="66" WIDTH="22" VPOS="679" HPOS="652"/>
            <String HEIGHT="66" WIDTH="198" VPOS="679" HPOS="586" CONTENT="1887," ID="tl_6_3" STYLEREFS="FONT0"/>
            <SP HEIGHT="66" WIDTH="22" VPOS="679" HPOS="784"/>
            <String HEIGHT="66" WIDTH="132" VPOS="679" HPOS="718" CONTENT="E." ID="tl_6_4" STYLEREFS="FONT0"/>
            <SP HEIGHT="66" WIDTH="22" VPOS="679" HPOS="850"/>
            <String HEIGHT="66" WIDTH="220" VPOS="679" HPOS="784" CONTENT="R.—Rue" ID="tl_6_5" STYLEREFS="FONT0"/>
            <SP HEIGHT="66" WIDTH="22" VPOS="679" HPOS="1005"/>
            <String HEIGHT="66" WIDTH="154" VPOS="679" HPOS="939" CONTENT="des" ID="tl_6_6" STYLEREFS="FONT0"/>
            <SP HEIGHT="66" WIDTH="22" VPOS="679" HPOS="1093"/>
            <String HEIGHT="66" WIDTH="242" VPOS="679" HPOS="1027" CONTENT="Carmes," ID="tl_6_7" STYLEREFS="FONT0"/>
            <SP HEIGHT="66" WIDTH="22" VPOS="679" HPOS="1269"/>
            <String HEIGHT="66" WIDTH="154" VPOS="679" HPOS="1203" CONTENT="81," ID="tl_6_8" STYLEREFS="FONT0"/>
            <SP HEIGHT="66" WIDTH="22" VPOS="679" HPOS="1357"/>
            <String HEIGHT="66" WIDTH="176" VPOS="679" HPOS="1269" CONTENT="Rouen." ID="tl_6_9" STYLEREFS="FONT0"/>
          </TextLine>
        </TextBlock>
        <TextBlock ID="r_3_2" HEIGHT="44" WIDTH="667" VPOS="750" HPOS="231">
          <TextLine ID="tl_7" BASELINE="796" HEIGHT="56" WIDTH="679" VPOS="740" HPOS="225">
            <String HEIGHT="56" WIDTH="283" VPOS="740" HPOS="206" CONTENT="744" ID="tl_7_1" STYLEREFS="FONT1"/>
            <SP HEIGHT="56" WIDTH="19" VPOS="740" HPOS="489"/>
            <String HEIGHT="56" WIDTH="321" VPOS="740" HPOS="432" CONTENT="Chrysanthèmes" ID="tl_7_2" STYLEREFS="FONT0"/>
            <SP HEIGHT="56" WIDTH="19" VPOS="740" HPOS="753"/>
            <String HEIGHT="56" WIDTH="226" VPOS="740" HPOS="678" CONTENT="(gouache)." ID="tl_7_3" STYLEREFS="FONT0"/>
          </TextLine>
        </TextBlock>
        <TextBlock ID="r_3_3" HEIGHT="42" WIDTH="571" VPOS="810" HPOS="232">
          <TextLine ID="tl_8" BASELINE="867" HEIGHT="74" WIDTH="583" VPOS="793" HPOS="226">
            <String HEIGHT="74" WIDTH="265" VPOS="793" HPOS="208" CONTENT="745" ID="tl_8_1" STYLEREFS="FONT1"/>
            <SP HEIGHT="74" WIDTH="18" VPOS="793" HPOS="473"/>
            <String HEIGHT="74" WIDTH="247" VPOS="793" HPOS="420" CONTENT="Eglantines" ID="tl_8_2" STYLEREFS="FONT0"/>
            <SP HEIGHT="74" WIDTH="18" VPOS="793" HPOS="668"/>
            <String HEIGHT="74" WIDTH="212" VPOS="793" HPOS="597" CONTENT="(gouaché)." ID="tl_8_3" STYLEREFS="FONT0"/>
          </TextLine>
        </TextBlock>
        <TextBlock ID="r_3_4" HEIGHT="92" WIDTH="1083" VPOS="894" HPOS="357">
          <TextLine ID="tl_9" BASELINE="959" HEIGHT="80" WIDTH="1096" VPOS="879" HPOS="351">
            <String HEIGHT="80" WIDTH="211" VPOS="879" HPOS="330" CONTENT="CICÉRI" ID="tl_9_1" STYLEREFS="FONT0"/>
            <SP HEIGHT="80" WIDTH="21" VPOS="879" HPOS="541"/>
            <String HEIGHT="80" WIDTH="274" VPOS="879" HPOS="477" CONTENT="(Eugène)," ID="tl_9_2" STYLEREFS="FONT0"/>
            <SP HEIGHT="80" WIDTH="21" VPOS="879" HPOS="751"/>
            <String HEIGHT="80" WIDTH="126" VPOS="879" HPOS="688" CONTENT="né" ID="tl_9_3" STYLEREFS="FONT0"/>
            <SP HEIGHT="80" WIDTH="21" VPOS="879" HPOS="815"/>
            <String HEIGHT="80" WIDTH="105" VPOS="879" HPOS="751" CONTENT="à" ID="tl_9_4" STYLEREFS="FONT0"/>
            <SP HEIGHT="80" WIDTH="21" VPOS="879" HPOS="857"/>
            <String HEIGHT="80" WIDTH="211" VPOS="879" HPOS="794" CONTENT="Paris," ID="tl_9_5" STYLEREFS="FONT0"/>
            <SP HEIGHT="80" WIDTH="21" VPOS="879" HPOS="1004"/>
            <String HEIGHT="80" WIDTH="190" VPOS="879" HPOS="941" CONTENT="élève" ID="tl_9_6" STYLEREFS="FONT0"/>
            <SP HEIGHT="80" WIDTH="21" VPOS="879" HPOS="1131"/>
            <String HEIGHT="80" WIDTH="126" VPOS="879" HPOS="1068" CONTENT="de" ID="tl_9_7" STYLEREFS="FONT0"/>
            <SP HEIGHT="80" WIDTH="21" VPOS="879" HPOS="1194"/>
            <String HEIGHT="80" WIDTH="148" VPOS="879" HPOS="1131" CONTENT="son" ID="tl_9_8" STYLEREFS="FONT0"/>
            <SP HEIGHT="80" WIDTH="21" VPOS="879" HPOS="1278"/>
            <String HEIGHT="80" WIDTH="190" VPOS="879" HPOS="1215" CONTENT="père;" ID="tl_9_9" STYLEREFS="FONT0"/>
            <SP HEIGHT="80" WIDTH="21" VPOS="879" HPOS="1405"/>
            <String HEIGHT="80" WIDTH="126" VPOS="879" HPOS="1321" CONTENT="méd." ID="tl_9_10" STYLEREFS="FONT0"/>
          </TextLine>
          <TextLine ID="tl_10" BASELINE="996" HEIGHT="63" WIDTH="851" VPOS="933" HPOS="390">
            <String HEIGHT="63" WIDTH="125" VPOS="933" HPOS="369" CONTENT="3e" ID="tl_10_1" STYLEREFS="FONT0"/>
            <SP HEIGHT="63" WIDTH="21" VPOS="933" HPOS="494"/>
            <String HEIGHT="63" WIDTH="166" VPOS="933" HPOS="432" CONTENT="cl.," ID="tl_10_2" STYLEREFS="FONT0"/>
            <SP HEIGHT="63" WIDTH="21" VPOS="933" HPOS="598"/>
            <String HEIGHT="63" WIDTH="208" VPOS="933" HPOS="535" CONTENT="Paris." ID="tl_10_3" STYLEREFS="FONT0"/>
            <SP HEIGHT="63" WIDTH="21" VPOS="933" HPOS="743"/>
            <String HEIGHT="63" WIDTH="104" VPOS="933" HPOS="681" CONTENT="—" ID="tl_10_4" STYLEREFS="FONT0"/>
            <SP HEIGHT="63" WIDTH="21" VPOS="933" HPOS="784"/>
            <String HEIGHT="63" WIDTH="145" VPOS="933" HPOS="722" CONTENT="Rue" ID="tl_10_5" STYLEREFS="FONT0"/>
            <SP HEIGHT="63" WIDTH="21" VPOS="933" HPOS="867"/>
            <String HEIGHT="63" WIDTH="125" VPOS="933" HPOS="805" CONTENT="de" ID="tl_10_6" STYLEREFS="FONT0"/>
            <SP HEIGHT="63" WIDTH="21" VPOS="933" HPOS="930"/>
            <String HEIGHT="63" WIDTH="208" VPOS="933" HPOS="867" CONTENT="Seine," ID="tl_10_7" STYLEREFS="FONT0"/>
            <SP HEIGHT="63" WIDTH="21" VPOS="933" HPOS="1075"/>
            <String HEIGHT="63" WIDTH="145" VPOS="933" HPOS="1013" CONTENT="42," ID="tl_10_8" STYLEREFS="FONT0"/>
            <SP HEIGHT="63" WIDTH="21" VPOS="933" HPOS="1158"/>
            <String HEIGHT="63" WIDTH="166" VPOS="933" HPOS="1075" CONTENT="Paris." ID="tl_10_9" STYLEREFS="FONT0"/>
          </TextLine>
        </TextBlock>
        <TextBlock ID="r_3_5" HEIGHT="44" WIDTH="478" VPOS="1003" HPOS="234">
          <TextLine ID="tl_11" BASELINE="1057" HEIGHT="74" WIDTH="490" VPOS="983" HPOS="228">
            <String HEIGHT="74" WIDTH="253" VPOS="983" HPOS="211" CONTENT="746" ID="tl_11_1" STYLEREFS="FONT1"/>
            <SP HEIGHT="74" WIDTH="17" VPOS="983" HPOS="465"/>
            <String HEIGHT="74" WIDTH="186" VPOS="983" HPOS="414" CONTENT="Paysage" ID="tl_11_2" STYLEREFS="FONT0"/>
            <SP HEIGHT="74" WIDTH="17" VPOS="983" HPOS="600"/>
            <String HEIGHT="74" WIDTH="186" VPOS="983" HPOS="532" CONTENT="(fusain)." ID="tl_11_3" STYLEREFS="FONT0"/>
          </TextLine>
        </TextBlock>
        <TextBlock ID="r_3_6" HEIGHT="131" WIDTH="1084" VPOS="1090" HPOS="358">
          <TextLine ID="tl_12" BASELINE="1136" HEIGHT="50" WIDTH="1093" VPOS="1086" HPOS="352">
            <String HEIGHT="50" WIDTH="178" VPOS="1086" HPOS="330" CONTENT="COHN" ID="tl_12_1" STYLEREFS="FONT0"/>
            <SP HEIGHT="50" WIDTH="22" VPOS="1086" HPOS="508"/>
            <String HEIGHT="50" WIDTH="201" VPOS="1086" HPOS="441" CONTENT="(Mlle" ID="tl_12_2" STYLEREFS="FONT0"/>
            <SP HEIGHT="50" WIDTH="22" VPOS="1086" HPOS="642"/>
            <String HEIGHT="50" WIDTH="268" VPOS="1086" HPOS="575" CONTENT="Cécile)," ID="tl_12_3" STYLEREFS="FONT0"/>
            <SP HEIGHT="50" WIDTH="22" VPOS="1086" HPOS="843"/>
            <String HEIGHT="50" WIDTH="156" VPOS="1086" HPOS="776" CONTENT="née" ID="tl_12_4" STYLEREFS="FONT0"/>
            <SP HEIGHT="50" WIDTH="22" VPOS="1086" HPOS="932"/>
            <String HEIGHT="50" WIDTH="112" VPOS="1086" HPOS="865" CONTENT="à" ID="tl_12_5" STYLEREFS="FONT0"/>
            <SP HEIGHT="50" WIDTH="22" VPOS="1086" HPOS="977"/>
            <String HEIGHT="50" WIDTH="223" VPOS="1086" HPOS="910" CONTENT="Paris," ID="tl_12_6" STYLEREFS="FONT0"/>
            <SP HEIGHT="50" WIDTH="22" VPOS="1086" HPOS="1133"/>
            <String HEIGHT="50" WIDTH="201" VPOS="1086" HPOS="1066" CONTENT="élève" ID="tl_12_7" STYLEREFS="FONT0"/>
            <SP HEIGHT="50" WIDTH="22" VPOS="1086" HPOS="1267"/>
            <String HEIGHT="50" WIDTH="134" VPOS="1086" HPOS="1200" CONTENT="de" ID="tl_12_8" STYLEREFS="FONT0"/>
            <SP HEIGHT="50" WIDTH="22" VPOS="1086" HPOS="1333"/>
            <String HEIGHT="50" WIDTH="201" VPOS="1086" HPOS="1244" CONTENT="l’Ecole" ID="tl_12_9" STYLEREFS="FONT0"/>
          </TextLine>
          <TextLine ID="tl_13" BASELINE="1180" HEIGHT="55" WIDTH="1047" VPOS="1125" HPOS="401">
            <String HEIGHT="55" WIDTH="419" VPOS="1125" HPOS="380" CONTENT="professionnelle," ID="tl_13_1" STYLEREFS="FONT0"/>
            <SP HEIGHT="55" WIDTH="21" VPOS="1125" HPOS="799"/>
            <String HEIGHT="55" WIDTH="147" VPOS="1125" HPOS="736" CONTENT="rue" ID="tl_13_2" STYLEREFS="FONT0"/>
            <SP HEIGHT="55" WIDTH="21" VPOS="1125" HPOS="883"/>
            <String HEIGHT="55" WIDTH="251" VPOS="1125" HPOS="820" CONTENT="Duperré," ID="tl_13_3" STYLEREFS="FONT0"/>
            <SP HEIGHT="55" WIDTH="21" VPOS="1125" HPOS="1071"/>
            <String HEIGHT="55" WIDTH="126" VPOS="1125" HPOS="1008" CONTENT="et" ID="tl_13_4" STYLEREFS="FONT0"/>
            <SP HEIGHT="55" WIDTH="21" VPOS="1125" HPOS="1134"/>
            <String HEIGHT="55" WIDTH="126" VPOS="1125" HPOS="1071" CONTENT="de" ID="tl_13_5" STYLEREFS="FONT0"/>
            <SP HEIGHT="55" WIDTH="21" VPOS="1125" HPOS="1197"/>
            <String HEIGHT="55" WIDTH="126" VPOS="1125" HPOS="1134" CONTENT="M." ID="tl_13_6" STYLEREFS="FONT0"/>
            <SP HEIGHT="55" WIDTH="21" VPOS="1125" HPOS="1260"/>
            <String HEIGHT="55" WIDTH="272" VPOS="1125" HPOS="1197" CONTENT="Sieffert." ID="tl_13_7" STYLEREFS="FONT0"/>
            <SP HEIGHT="55" WIDTH="21" VPOS="1125" HPOS="1469"/>
            <String HEIGHT="55" WIDTH="63" VPOS="1125" HPOS="1385" CONTENT="—" ID="tl_13_8" STYLEREFS="FONT0"/>
          </TextLine>
          <TextLine ID="tl_14" BASELINE="1221" HEIGHT="52" WIDTH="975" VPOS="1169" HPOS="393">
            <String HEIGHT="52" WIDTH="233" VPOS="1169" HPOS="372" CONTENT="Passage" ID="tl_14_1" STYLEREFS="FONT0"/>
            <SP HEIGHT="52" WIDTH="21" VPOS="1169" HPOS="605"/>
            <String HEIGHT="52" WIDTH="127" VPOS="1169" HPOS="541" CONTENT="de" ID="tl_14_2" STYLEREFS="FONT0"/>
            <SP HEIGHT="52" WIDTH="21" VPOS="1169" HPOS="669"/>
            <String HEIGHT="52" WIDTH="593" VPOS="1169" HPOS="605" CONTENT="l’Elysée-des-Beaux-Arts," ID="tl_14_3" STYLEREFS="FONT0"/>
            <SP HEIGHT="52" WIDTH="21" VPOS="1169" HPOS="1198"/>
            <String HEIGHT="52" WIDTH="148" VPOS="1169" HPOS="1135" CONTENT="17," ID="tl_14_4" STYLEREFS="FONT0"/>
            <SP HEIGHT="52" WIDTH="21" VPOS="1169" HPOS="1283"/>
            <String HEIGHT="52" WIDTH="170" VPOS="1169" HPOS="1198" CONTENT="Paris." ID="tl_14_5" STYLEREFS="FONT0"/>
          </TextLine>
        </TextBlock>
        <TextBlock ID="r_3_7" HEIGHT="49" WIDTH="1120" VPOS="1232" HPOS="235">
          <TextLine ID="tl_15" BASELINE="1295" HEIGHT="81" WIDTH="1132" VPOS="1214" HPOS="229">
            <String HEIGHT="81" WIDTH="278" VPOS="1214" HPOS="210" CONTENT="747" ID="tl_15_1" STYLEREFS="FONT1"/>
            <SP HEIGHT="81" WIDTH="19" VPOS="1214" HPOS="489"/>
            <String HEIGHT="81" WIDTH="186" VPOS="1214" HPOS="433" CONTENT="Regalo" ID="tl_15_2" STYLEREFS="FONT0"/>
            <SP HEIGHT="81" WIDTH="19" VPOS="1214" HPOS="619"/>
            <String HEIGHT="81" WIDTH="130" VPOS="1214" HPOS="563" CONTENT="del" ID="tl_15_3" STYLEREFS="FONT0"/>
            <SP HEIGHT="81" WIDTH="19" VPOS="1214" HPOS="693"/>
            <String HEIGHT="81" WIDTH="111" VPOS="1214" HPOS="637" CONTENT="in" ID="tl_15_4" STYLEREFS="FONT0"/>
            <SP HEIGHT="81" WIDTH="19" VPOS="1214" HPOS="749"/>
            <String HEIGHT="81" WIDTH="186" VPOS="1214" HPOS="693" CONTENT="Fiore," ID="tl_15_5" STYLEREFS="FONT0"/>
            <SP HEIGHT="81" WIDTH="19" VPOS="1214" HPOS="879"/>
            <String HEIGHT="81" WIDTH="204" VPOS="1214" HPOS="823" CONTENT="d’après" ID="tl_15_6" STYLEREFS="FONT0"/>
            <SP HEIGHT="81" WIDTH="19" VPOS="1214" HPOS="1027"/>
            <String HEIGHT="81" WIDTH="241" VPOS="1214" HPOS="971" CONTENT="Pio-Picci" ID="tl_15_7" STYLEREFS="FONT0"/>
            <SP HEIGHT="81" WIDTH="19" VPOS="1214" HPOS="1213"/>
            <String HEIGHT="81" WIDTH="223" VPOS="1214" HPOS="1138" CONTENT="(faïence)." ID="tl_15_8" STYLEREFS="FONT0"/>
          </TextLine>
        </TextBlock>
        <TextBlock ID="r_3_8" HEIGHT="132" WIDTH="1086" VPOS="1326" HPOS="356">
          <TextLine ID="tl_16" BASELINE="1367" HEIGHT="62" WIDTH="1098" VPOS="1305" HPOS="350">
            <String HEIGHT="62" WIDTH="424" VPOS="1305" HPOS="325" CONTENT="CONTREMOULINS" ID="tl_16_1" STYLEREFS="FONT0"/>
            <SP HEIGHT="62" WIDTH="25" VPOS="1305" HPOS="749"/>
            <String HEIGHT="62" WIDTH="324" VPOS="1305" HPOS="674" CONTENT="(Gaston)," ID="tl_16_2" STYLEREFS="FONT0"/>
            <SP HEIGHT="62" WIDTH="25" VPOS="1305" HPOS="999"/>
            <String HEIGHT="62" WIDTH="150" VPOS="1305" HPOS="924" CONTENT="né" ID="tl_16_3" STYLEREFS="FONT0"/>
            <SP HEIGHT="62" WIDTH="25" VPOS="1305" HPOS="1074"/>
            <String HEIGHT="62" WIDTH="125" VPOS="1305" HPOS="999" CONTENT="à" ID="tl_16_4" STYLEREFS="FONT0"/>
            <SP HEIGHT="62" WIDTH="25" VPOS="1305" HPOS="1124"/>
            <String HEIGHT="62" WIDTH="250" VPOS="1305" HPOS="1049" CONTENT="Rouen," ID="tl_16_5" STYLEREFS="FONT0"/>
            <SP HEIGHT="62" WIDTH="25" VPOS="1305" HPOS="1298"/>
            <String HEIGHT="62" WIDTH="225" VPOS="1305" HPOS="1223" CONTENT="élève" ID="tl_16_6" STYLEREFS="FONT0"/>
            <SP HEIGHT="62" WIDTH="25" VPOS="1305" HPOS="1448"/>
            <String HEIGHT="62" WIDTH="100" VPOS="1305" HPOS="1348" CONTENT="de" ID="tl_16_7" STYLEREFS="FONT0"/>
          </TextLine>
          <TextLine ID="tl_17" BASELINE="1412" HEIGHT="49" WIDTH="1056" VPOS="1363" HPOS="392">
            <String HEIGHT="49" WIDTH="247" VPOS="1363" HPOS="370" CONTENT="l’Ecole" ID="tl_17_1" STYLEREFS="FONT0"/>
            <SP HEIGHT="49" WIDTH="22" VPOS="1363" HPOS="617"/>
            <String HEIGHT="49" WIDTH="292" VPOS="1363" HPOS="549" CONTENT="régionale" ID="tl_17_2" STYLEREFS="FONT0"/>
            <SP HEIGHT="49" WIDTH="22" VPOS="1363" HPOS="841"/>
            <String HEIGHT="49" WIDTH="135" VPOS="1363" HPOS="774" CONTENT="de" ID="tl_17_3" STYLEREFS="FONT0"/>
            <SP HEIGHT="49" WIDTH="22" VPOS="1363" HPOS="909"/>
            <String HEIGHT="49" WIDTH="202" VPOS="1363" HPOS="841" CONTENT="Rouen" ID="tl_17_4" STYLEREFS="FONT0"/>
            <SP HEIGHT="49" WIDTH="22" VPOS="1363" HPOS="1044"/>
            <String HEIGHT="49" WIDTH="135" VPOS="1363" HPOS="976" CONTENT="et" ID="tl_17_5" STYLEREFS="FONT0"/>
            <SP HEIGHT="49" WIDTH="22" VPOS="1363" HPOS="1111"/>
            <String HEIGHT="49" WIDTH="135" VPOS="1363" HPOS="1044" CONTENT="de" ID="tl_17_6" STYLEREFS="FONT0"/>
            <SP HEIGHT="49" WIDTH="22" VPOS="1363" HPOS="1178"/>
            <String HEIGHT="49" WIDTH="135" VPOS="1363" HPOS="1111" CONTENT="M." ID="tl_17_7" STYLEREFS="FONT0"/>
            <SP HEIGHT="49" WIDTH="22" VPOS="1363" HPOS="1246"/>
            <String HEIGHT="49" WIDTH="292" VPOS="1363" HPOS="1178" CONTENT="Delattre." ID="tl_17_8" STYLEREFS="FONT0"/>
            <SP HEIGHT="49" WIDTH="22" VPOS="1363" HPOS="1470"/>
            <String HEIGHT="49" WIDTH="67" VPOS="1363" HPOS="1381" CONTENT="—" ID="tl_17_9" STYLEREFS="FONT0"/>
          </TextLine>
          <TextLine ID="tl_18" BASELINE="1467" HEIGHT="59" WIDTH="837" VPOS="1408" HPOS="392">
            <String HEIGHT="59" WIDTH="158" VPOS="1408" HPOS="369" CONTENT="Rue" ID="tl_18_1" STYLEREFS="FONT0"/>
            <SP HEIGHT="59" WIDTH="23" VPOS="1408" HPOS="528"/>
            <String HEIGHT="59" WIDTH="249" VPOS="1408" HPOS="460" CONTENT="Legris," ID="tl_18_2" STYLEREFS="FONT0"/>
            <SP HEIGHT="59" WIDTH="23" VPOS="1408" HPOS="709"/>
            <String HEIGHT="59" WIDTH="136" VPOS="1408" HPOS="641" CONTENT="4," ID="tl_18_3" STYLEREFS="FONT0"/>
            <SP HEIGHT="59" WIDTH="23" VPOS="1408" HPOS="777"/>
            <String HEIGHT="59" WIDTH="136" VPOS="1408" HPOS="709" CONTENT="au" ID="tl_18_4" STYLEREFS="FONT0"/>
            <SP HEIGHT="59" WIDTH="23" VPOS="1408" HPOS="844"/>
            <String HEIGHT="59" WIDTH="362" VPOS="1408" HPOS="777" CONTENT="Mont-Gargan," ID="tl_18_5" STYLEREFS="FONT0"/>
            <SP HEIGHT="59" WIDTH="23" VPOS="1408" HPOS="1139"/>
            <String HEIGHT="59" WIDTH="181" VPOS="1408" HPOS="1048" CONTENT="Rouen." ID="tl_18_6" STYLEREFS="FONT0"/>
          </TextLine>
        </TextBlock>
        <TextBlock ID="r_3_9" HEIGHT="44" WIDTH="626" VPOS="1473" HPOS="234">
          <TextLine ID="tl_19" BASELINE="1537" HEIGHT="87" WIDTH="640" VPOS="1450" HPOS="227">
            <String HEIGHT="87" WIDTH="267" VPOS="1450" HPOS="209" CONTENT="748" ID="tl_19_1" STYLEREFS="FONT1"/>
            <SP HEIGHT="87" WIDTH="18" VPOS="1450" HPOS="476"/>
            <String HEIGHT="87" WIDTH="213" VPOS="1450" HPOS="423" CONTENT="Paysage," ID="tl_19_2" STYLEREFS="FONT0"/>
            <SP HEIGHT="87" WIDTH="18" VPOS="1450" HPOS="636"/>
            <String HEIGHT="87" WIDTH="160" VPOS="1450" HPOS="583" CONTENT="étude" ID="tl_19_3" STYLEREFS="FONT0"/>
            <SP HEIGHT="87" WIDTH="18" VPOS="1450" HPOS="743"/>
            <String HEIGHT="87" WIDTH="196" VPOS="1450" HPOS="671" CONTENT="(pastel)." ID="tl_19_4" STYLEREFS="FONT0"/>
          </TextLine>
        </TextBlock>
        <TextBlock ID="r_3_10" HEIGHT="212" WIDTH="1086" VPOS="1563" HPOS="359">
          <TextLine ID="tl_20" BASELINE="1621" HEIGHT="90" WIDTH="1097" VPOS="1531" HPOS="353">
            <String HEIGHT="90" WIDTH="187" VPOS="1531" HPOS="330" CONTENT="COOL" ID="tl_20_1" STYLEREFS="FONT0"/>
            <SP HEIGHT="90" WIDTH="23" VPOS="1531" HPOS="516"/>
            <String HEIGHT="90" WIDTH="187" VPOS="1531" HPOS="446" CONTENT="(Mme" ID="tl_20_2" STYLEREFS="FONT0"/>
            <SP HEIGHT="90" WIDTH="23" VPOS="1531" HPOS="633"/>
            <String HEIGHT="90" WIDTH="280" VPOS="1531" HPOS="563" CONTENT="Delphine" ID="tl_20_3" STYLEREFS="FONT0"/>
            <SP HEIGHT="90" WIDTH="23" VPOS="1531" HPOS="843"/>
            <String HEIGHT="90" WIDTH="187" VPOS="1531" HPOS="773" CONTENT="de)," ID="tl_20_4" STYLEREFS="FONT0"/>
            <SP HEIGHT="90" WIDTH="23" VPOS="1531" HPOS="960"/>
            <String HEIGHT="90" WIDTH="163" VPOS="1531" HPOS="890" CONTENT="née" ID="tl_20_5" STYLEREFS="FONT0"/>
            <SP HEIGHT="90" WIDTH="23" VPOS="1531" HPOS="1053"/>
            <String HEIGHT="90" WIDTH="117" VPOS="1531" HPOS="983" CONTENT="à" ID="tl_20_6" STYLEREFS="FONT0"/>
            <SP HEIGHT="90" WIDTH="23" VPOS="1531" HPOS="1100"/>
            <String HEIGHT="90" WIDTH="280" VPOS="1531" HPOS="1030" CONTENT="Limoges," ID="tl_20_7" STYLEREFS="FONT0"/>
            <SP HEIGHT="90" WIDTH="23" VPOS="1531" HPOS="1310"/>
            <String HEIGHT="90" WIDTH="210" VPOS="1531" HPOS="1240" CONTENT="élève" ID="tl_20_8" STYLEREFS="FONT0"/>
            <SP HEIGHT="90" WIDTH="23" VPOS="1531" HPOS="1450"/>
            <String HEIGHT="90" WIDTH="93" VPOS="1531" HPOS="1357" CONTENT="de" ID="tl_20_9" STYLEREFS="FONT0"/>
          </TextLine>
          <TextLine ID="tl_21" BASELINE="1649" HEIGHT="52" WIDTH="1057" VPOS="1597" HPOS="394">
            <String HEIGHT="52" WIDTH="151" VPOS="1597" HPOS="369" CONTENT="M." ID="tl_21_1" STYLEREFS="FONT0"/>
            <SP HEIGHT="52" WIDTH="25" VPOS="1597" HPOS="520"/>
            <String HEIGHT="52" WIDTH="277" VPOS="1597" HPOS="444" CONTENT="Fortin;" ID="tl_21_2" STYLEREFS="FONT0"/>
            <SP HEIGHT="52" WIDTH="25" VPOS="1597" HPOS="721"/>
            <String HEIGHT="52" WIDTH="151" VPOS="1597" HPOS="646" CONTENT="M." ID="tl_21_3" STYLEREFS="FONT0"/>
            <SP HEIGHT="52" WIDTH="25" VPOS="1597" HPOS="797"/>
            <String HEIGHT="52" WIDTH="176" VPOS="1597" HPOS="721" CONTENT="H.," ID="tl_21_4" STYLEREFS="FONT0"/>
            <SP HEIGHT="52" WIDTH="25" VPOS="1597" HPOS="897"/>
            <String HEIGHT="52" WIDTH="252" VPOS="1597" HPOS="822" CONTENT="Paris;" ID="tl_21_5" STYLEREFS="FONT0"/>
            <SP HEIGHT="52" WIDTH="25" VPOS="1597" HPOS="1074"/>
            <String HEIGHT="52" WIDTH="201" VPOS="1597" HPOS="998" CONTENT="méd." ID="tl_21_6" STYLEREFS="FONT0"/>
            <SP HEIGHT="52" WIDTH="25" VPOS="1597" HPOS="1199"/>
            <String HEIGHT="52" WIDTH="227" VPOS="1597" HPOS="1124" CONTENT="d’or," ID="tl_21_7" STYLEREFS="FONT0"/>
            <SP HEIGHT="52" WIDTH="25" VPOS="1597" HPOS="1350"/>
            <String HEIGHT="52" WIDTH="201" VPOS="1597" HPOS="1250" CONTENT="Madrid" ID="tl_21_8" STYLEREFS="FONT0"/>
          </TextLine>
          <TextLine ID="tl_22" BASELINE="1690" HEIGHT="51" WIDTH="1046" VPOS="1639" HPOS="398">
            <String HEIGHT="51" WIDTH="312" VPOS="1639" HPOS="376" CONTENT="(Espagne);" ID="tl_22_1" STYLEREFS="FONT0"/>
            <SP HEIGHT="51" WIDTH="22" VPOS="1639" HPOS="687"/>
            <String HEIGHT="51" WIDTH="178" VPOS="1639" HPOS="621" CONTENT="méd." ID="tl_22_2" STYLEREFS="FONT0"/>
            <SP HEIGHT="51" WIDTH="22" VPOS="1639" HPOS="799"/>
            <String HEIGHT="51" WIDTH="223" VPOS="1639" HPOS="732" CONTENT="d’arg." ID="tl_22_3" STYLEREFS="FONT0"/>
            <SP HEIGHT="51" WIDTH="22" VPOS="1639" HPOS="954"/>
            <String HEIGHT="51" WIDTH="134" VPOS="1639" HPOS="888" CONTENT="et" ID="tl_22_4" STYLEREFS="FONT0"/>
            <SP HEIGHT="51" WIDTH="22" VPOS="1639" HPOS="1021"/>
            <String HEIGHT="51" WIDTH="134" VPOS="1639" HPOS="954" CONTENT="de" ID="tl_22_5" STYLEREFS="FONT0"/>
            <SP HEIGHT="51" WIDTH="22" VPOS="1639" HPOS="1088"/>
            <String HEIGHT="51" WIDTH="223" VPOS="1639" HPOS="1021" CONTENT="verm.," ID="tl_22_6" STYLEREFS="FONT0"/>
            <SP HEIGHT="51" WIDTH="22" VPOS="1639" HPOS="1244"/>
            <String HEIGHT="51" WIDTH="223" VPOS="1639" HPOS="1177" CONTENT="Rouen;" ID="tl_22_7" STYLEREFS="FONT0"/>
            <SP HEIGHT="51" WIDTH="22" VPOS="1639" HPOS="1399"/>
            <String HEIGHT="51" WIDTH="134" VPOS="1639" HPOS="1310" CONTENT="méd." ID="tl_22_8" STYLEREFS="FONT0"/>
          </TextLine>
          <TextLine ID="tl_23" BASELINE="1734" HEIGHT="53" WIDTH="1053" VPOS="1681" HPOS="396">
            <String HEIGHT="53" WIDTH="168" VPOS="1681" HPOS="375" CONTENT="d’or" ID="tl_23_1" STYLEREFS="FONT0"/>
            <SP HEIGHT="53" WIDTH="21" VPOS="1681" HPOS="543"/>
            <String HEIGHT="53" WIDTH="126" VPOS="1681" HPOS="480" CONTENT="de" ID="tl_23_2" STYLEREFS="FONT0"/>
            <SP HEIGHT="53" WIDTH="21" VPOS="1681" HPOS="607"/>
            <String HEIGHT="53" WIDTH="126" VPOS="1681" HPOS="543" CONTENT="la" ID="tl_23_3" STYLEREFS="FONT0"/>
            <SP HEIGHT="53" WIDTH="21" VPOS="1681" HPOS="670"/>
            <String HEIGHT="53" WIDTH="232" VPOS="1681" HPOS="607" CONTENT="Société" ID="tl_23_4" STYLEREFS="FONT0"/>
            <SP HEIGHT="53" WIDTH="21" VPOS="1681" HPOS="838"/>
            <String HEIGHT="53" WIDTH="147" VPOS="1681" HPOS="775" CONTENT="des" ID="tl_23_5" STYLEREFS="FONT0"/>
            <SP HEIGHT="53" WIDTH="21" VPOS="1681" HPOS="923"/>
            <String HEIGHT="53" WIDTH="168" VPOS="1681" HPOS="859" CONTENT="Amis" ID="tl_23_6" STYLEREFS="FONT0"/>
            <SP HEIGHT="53" WIDTH="21" VPOS="1681" HPOS="1028"/>
            <String HEIGHT="53" WIDTH="147" VPOS="1681" HPOS="965" CONTENT="des" ID="tl_23_7" STYLEREFS="FONT0"/>
            <SP HEIGHT="53" WIDTH="21" VPOS="1681" HPOS="1112"/>
            <String HEIGHT="53" WIDTH="190" VPOS="1681" HPOS="1049" CONTENT="Arts," ID="tl_23_8" STYLEREFS="FONT0"/>
            <SP HEIGHT="53" WIDTH="21" VPOS="1681" HPOS="1238"/>
            <String HEIGHT="53" WIDTH="211" VPOS="1681" HPOS="1175" CONTENT="Rouen;" ID="tl_23_9" STYLEREFS="FONT0"/>
            <SP HEIGHT="53" WIDTH="21" VPOS="1681" HPOS="1386"/>
            <String HEIGHT="53" WIDTH="147" VPOS="1681" HPOS="1302" CONTENT="méd.," ID="tl_23_10" STYLEREFS="FONT0"/>
          </TextLine>
          <TextLine ID="tl_24" BASELINE="1776" HEIGHT="54" WIDTH="1047" VPOS="1722" HPOS="399">
            <String HEIGHT="54" WIDTH="137" VPOS="1722" HPOS="376" CONTENT="E." ID="tl_24_1" STYLEREFS="FONT0"/>
            <SP HEIGHT="54" WIDTH="23" VPOS="1722" HPOS="513"/>
            <String HEIGHT="54" WIDTH="137" VPOS="1722" HPOS="445" CONTENT="U." ID="tl_24_2" STYLEREFS="FONT0"/>
            <SP HEIGHT="54" WIDTH="23" VPOS="1722" HPOS="581"/>
            <String HEIGHT="54" WIDTH="228" VPOS="1722" HPOS="513" CONTENT="Paris;" ID="tl_24_3" STYLEREFS="FONT0"/>
            <SP HEIGHT="54" WIDTH="23" VPOS="1722" HPOS="740"/>
            <String HEIGHT="54" WIDTH="137" VPOS="1722" HPOS="672" CONTENT="A." ID="tl_24_4" STYLEREFS="FONT0"/>
            <SP HEIGHT="54" WIDTH="23" VPOS="1722" HPOS="809"/>
            <String HEIGHT="54" WIDTH="137" VPOS="1722" HPOS="740" CONTENT="g." ID="tl_24_5" STYLEREFS="FONT0"/>
            <SP HEIGHT="54" WIDTH="23" VPOS="1722" HPOS="877"/>
            <String HEIGHT="54" WIDTH="114" VPOS="1722" HPOS="809" CONTENT="—" ID="tl_24_6" STYLEREFS="FONT0"/>
            <SP HEIGHT="54" WIDTH="23" VPOS="1722" HPOS="923"/>
            <String HEIGHT="54" WIDTH="159" VPOS="1722" HPOS="854" CONTENT="Rue" ID="tl_24_7" STYLEREFS="FONT0"/>
            <SP HEIGHT="54" WIDTH="23" VPOS="1722" HPOS="1014"/>
            <String HEIGHT="54" WIDTH="137" VPOS="1722" HPOS="945" CONTENT="de" ID="tl_24_8" STYLEREFS="FONT0"/>
            <SP HEIGHT="54" WIDTH="23" VPOS="1722" HPOS="1082"/>
            <String HEIGHT="54" WIDTH="250" VPOS="1722" HPOS="1014" CONTENT="Rennes," ID="tl_24_9" STYLEREFS="FONT0"/>
            <SP HEIGHT="54" WIDTH="23" VPOS="1722" HPOS="1264"/>
            <String HEIGHT="54" WIDTH="159" VPOS="1722" HPOS="1196" CONTENT="97," ID="tl_24_10" STYLEREFS="FONT0"/>
            <SP HEIGHT="54" WIDTH="23" VPOS="1722" HPOS="1355"/>
            <String HEIGHT="54" WIDTH="182" VPOS="1722" HPOS="1264" CONTENT="Paris." ID="tl_24_11" STYLEREFS="FONT0"/>
          </TextLine>
        </TextBlock>
        <TextBlock ID="r_3_11" HEIGHT="45" WIDTH="790" VPOS="1790" HPOS="239">
          <TextLine ID="tl_25" BASELINE="1848" HEIGHT="75" WIDTH="804" VPOS="1773" HPOS="232">
            <String HEIGHT="75" WIDTH="262" VPOS="1773" HPOS="215" CONTENT="749" ID="tl_25_1" STYLEREFS="FONT1"/>
            <SP HEIGHT="75" WIDTH="17" VPOS="1773" HPOS="477"/>
            <String HEIGHT="75" WIDTH="210" VPOS="1773" HPOS="424" CONTENT="Lauriers" ID="tl_25_2" STYLEREFS="FONT0"/>
            <SP HEIGHT="75" WIDTH="17" VPOS="1773" HPOS="634"/>
            <String HEIGHT="75" WIDTH="105" VPOS="1773" HPOS="582" CONTENT="et" ID="tl_25_3" STYLEREFS="FONT0"/>
            <SP HEIGHT="75" WIDTH="17" VPOS="1773" HPOS="686"/>
            <String HEIGHT="75" WIDTH="227" VPOS="1773" HPOS="634" CONTENT="violettes" ID="tl_25_4" STYLEREFS="FONT0"/>
            <SP HEIGHT="75" WIDTH="17" VPOS="1773" HPOS="861"/>
            <String HEIGHT="75" WIDTH="245" VPOS="1773" HPOS="791" CONTENT="(aquarelle)." ID="tl_25_5" STYLEREFS="FONT0"/>
          </TextLine>
        </TextBlock>
        <TextBlock ID="r_3_12" HEIGHT="45" WIDTH="776" VPOS="1849" HPOS="239">
          <TextLine ID="tl_26" BASELINE="1900" HEIGHT="66" WIDTH="788" VPOS="1834" HPOS="233">
            <String HEIGHT="66" WIDTH="269" VPOS="1834" HPOS="215" CONTENT="750" ID="tl_26_1" STYLEREFS="FONT1"/>
            <SP HEIGHT="66" WIDTH="18" VPOS="1834" HPOS="484"/>
            <String HEIGHT="66" WIDTH="107" VPOS="1834" HPOS="430" CONTENT="La" ID="tl_26_2" STYLEREFS="FONT0"/>
            <SP HEIGHT="66" WIDTH="18" VPOS="1834" HPOS="537"/>
            <String HEIGHT="66" WIDTH="161" VPOS="1834" HPOS="484" CONTENT="table" ID="tl_26_3" STYLEREFS="FONT0"/>
            <SP HEIGHT="66" WIDTH="18" VPOS="1834" HPOS="645"/>
            <String HEIGHT="66" WIDTH="107" VPOS="1834" HPOS="591" CONTENT="de" ID="tl_26_4" STYLEREFS="FONT0"/>
            <SP HEIGHT="66" WIDTH="18" VPOS="1834" HPOS="699"/>
            <String HEIGHT="66" WIDTH="197" VPOS="1834" HPOS="645" CONTENT="Juanita" ID="tl_26_5" STYLEREFS="FONT0"/>
            <SP HEIGHT="66" WIDTH="18" VPOS="1834" HPOS="842"/>
            <String HEIGHT="66" WIDTH="251" VPOS="1834" HPOS="770" CONTENT="(aquarelle)." ID="tl_26_6" STYLEREFS="FONT0"/>
          </TextLine>
        </TextBlock>
        <TextBlock ID="r_3_13" HEIGHT="46" WIDTH="481" VPOS="1905" HPOS="931">
          <TextLine ID="tl_27" BASELINE="1975" HEIGHT="92" WIDTH="495" VPOS="1883" HPOS="924">
            <String HEIGHT="92" WIDTH="220" VPOS="1883" HPOS="906" CONTENT="(Voir" ID="tl_27_1" STYLEREFS="FONT2"/>
            <SP HEIGHT="92" WIDTH="18" VPOS="1883" HPOS="1126"/>
            <String HEIGHT="92" WIDTH="92" VPOS="1883" HPOS="1071" CONTENT="à" ID="tl_27_2" STYLEREFS="FONT2"/>
            <SP HEIGHT="92" WIDTH="18" VPOS="1883" HPOS="1162"/>
            <String HEIGHT="92" WIDTH="110" VPOS="1883" HPOS="1107" CONTENT="la" ID="tl_27_3" STYLEREFS="FONT2"/>
            <SP HEIGHT="92" WIDTH="18" VPOS="1883" HPOS="1217"/>
            <String HEIGHT="92" WIDTH="275" VPOS="1883" HPOS="1144" CONTENT="Peinture" ID="tl_27_4" STYLEREFS="FONT2"/>
          </TextLine>
        </TextBlock>
        <TextBlock ID="r_3_14" HEIGHT="86" WIDTH="1078" VPOS="2000" HPOS="367">
          <TextLine ID="tl_28" BASELINE="2045" HEIGHT="77" WIDTH="1089" VPOS="1968" HPOS="361">
            <String HEIGHT="77" WIDTH="182" VPOS="1968" HPOS="338" CONTENT="COOL" ID="tl_28_1" STYLEREFS="FONT0"/>
            <SP HEIGHT="77" WIDTH="23" VPOS="1968" HPOS="520"/>
            <String HEIGHT="77" WIDTH="272" VPOS="1968" HPOS="452" CONTENT="(Gabriel" ID="tl_28_2" STYLEREFS="FONT0"/>
            <SP HEIGHT="77" WIDTH="23" VPOS="1968" HPOS="724"/>
            <String HEIGHT="77" WIDTH="182" VPOS="1968" HPOS="656" CONTENT="de)," ID="tl_28_3" STYLEREFS="FONT0"/>
            <SP HEIGHT="77" WIDTH="23" VPOS="1968" HPOS="837"/>
            <String HEIGHT="77" WIDTH="136" VPOS="1968" HPOS="769" CONTENT="né" ID="tl_28_4" STYLEREFS="FONT0"/>
            <SP HEIGHT="77" WIDTH="23" VPOS="1968" HPOS="906"/>
            <String HEIGHT="77" WIDTH="113" VPOS="1968" HPOS="837" CONTENT="à" ID="tl_28_5" STYLEREFS="FONT0"/>
            <SP HEIGHT="77" WIDTH="23" VPOS="1968" HPOS="951"/>
            <String HEIGHT="77" WIDTH="272" VPOS="1968" HPOS="883" CONTENT="Limoges," ID="tl_28_6" STYLEREFS="FONT0"/>
            <SP HEIGHT="77" WIDTH="23" VPOS="1968" HPOS="1155"/>
            <String HEIGHT="77" WIDTH="204" VPOS="1968" HPOS="1087" CONTENT="élève" ID="tl_28_7" STYLEREFS="FONT0"/>
            <SP HEIGHT="77" WIDTH="23" VPOS="1968" HPOS="1291"/>
            <String HEIGHT="77" WIDTH="136" VPOS="1968" HPOS="1223" CONTENT="de" ID="tl_28_8" STYLEREFS="FONT0"/>
            <SP HEIGHT="77" WIDTH="23" VPOS="1968" HPOS="1359"/>
            <String HEIGHT="77" WIDTH="159" VPOS="1968" HPOS="1291" CONTENT="Mme" ID="tl_28_9" STYLEREFS="FONT0"/>
            <SP HEIGHT="77" WIDTH="23" VPOS="1968" HPOS="1450"/>
            <String HEIGHT="77" WIDTH="91" VPOS="1968" HPOS="1359" CONTENT="de" ID="tl_28_10" STYLEREFS="FONT0"/>
          </TextLine>
          <TextLine ID="tl_29" BASELINE="2104" HEIGHT="57" WIDTH="1044" VPOS="2047" HPOS="402">
            <String HEIGHT="57" WIDTH="167" VPOS="2047" HPOS="381" CONTENT="Cool" ID="tl_29_1" STYLEREFS="FONT0"/>
            <SP HEIGHT="57" WIDTH="21" VPOS="2047" HPOS="548"/>
            <String HEIGHT="57" WIDTH="125" VPOS="2047" HPOS="486" CONTENT="et" ID="tl_29_2" STYLEREFS="FONT0"/>
            <SP HEIGHT="57" WIDTH="21" VPOS="2047" HPOS="611"/>
            <String HEIGHT="57" WIDTH="125" VPOS="2047" HPOS="548" CONTENT="de" ID="tl_29_3" STYLEREFS="FONT0"/>
            <SP HEIGHT="57" WIDTH="21" VPOS="2047" HPOS="673"/>
            <String HEIGHT="57" WIDTH="125" VPOS="2047" HPOS="611" CONTENT="M." ID="tl_29_4" STYLEREFS="FONT0"/>
            <SP HEIGHT="57" WIDTH="21" VPOS="2047" HPOS="736"/>
            <String HEIGHT="57" WIDTH="251" VPOS="2047" HPOS="673" CONTENT="Cabanel." ID="tl_29_5" STYLEREFS="FONT0"/>
            <SP HEIGHT="57" WIDTH="21" VPOS="2047" HPOS="924"/>
            <String HEIGHT="57" WIDTH="104" VPOS="2047" HPOS="861" CONTENT="—" ID="tl_29_6" STYLEREFS="FONT0"/>
            <SP HEIGHT="57" WIDTH="21" VPOS="2047" HPOS="966"/>
            <String HEIGHT="57" WIDTH="146" VPOS="2047" HPOS="903" CONTENT="Rue" ID="tl_29_7" STYLEREFS="FONT0"/>
            <SP HEIGHT="57" WIDTH="21" VPOS="2047" HPOS="1049"/>
            <String HEIGHT="57" WIDTH="125" VPOS="2047" HPOS="987" CONTENT="de" ID="tl_29_8" STYLEREFS="FONT0"/>
            <SP HEIGHT="57" WIDTH="21" VPOS="2047" HPOS="1112"/>
            <String HEIGHT="57" WIDTH="230" VPOS="2047" HPOS="1049" CONTENT="Rennes," ID="tl_29_9" STYLEREFS="FONT0"/>
            <SP HEIGHT="57" WIDTH="21" VPOS="2047" HPOS="1279"/>
            <String HEIGHT="57" WIDTH="146" VPOS="2047" HPOS="1216" CONTENT="97," ID="tl_29_10" STYLEREFS="FONT0"/>
            <SP HEIGHT="57" WIDTH="21" VPOS="2047" HPOS="1362"/>
            <String HEIGHT="57" WIDTH="167" VPOS="2047" HPOS="1279" CONTENT="Paris." ID="tl_29_11" STYLEREFS="FONT0"/>
          </TextLine>
        </TextBlock>
        <TextBlock ID="r_3_15" HEIGHT="45" WIDTH="496" VPOS="2106" HPOS="241">
          <TextLine ID="tl_30" BASELINE="2178" HEIGHT="86" WIDTH="509" VPOS="2092" HPOS="234">
            <String HEIGHT="86" WIDTH="230" VPOS="2092" HPOS="218" CONTENT="751" ID="tl_30_1" STYLEREFS="FONT1"/>
            <SP HEIGHT="86" WIDTH="16" VPOS="2092" HPOS="447"/>
            <String HEIGHT="86" WIDTH="230" VPOS="2092" HPOS="398" CONTENT="Mélancolie" ID="tl_30_2" STYLEREFS="FONT0"/>
            <SP HEIGHT="86" WIDTH="16" VPOS="2092" HPOS="628"/>
            <String HEIGHT="86" WIDTH="181" VPOS="2092" HPOS="562" CONTENT="(pastel)." ID="tl_30_3" STYLEREFS="FONT0"/>
          </TextLine>
        </TextBlock>
        <TextBlock ID="r_3_16" HEIGHT="44" WIDTH="469" VPOS="2154" HPOS="932">
          <TextLine ID="tl_31" BASELINE="2221" HEIGHT="91" WIDTH="482" VPOS="2130" HPOS="925">
            <String HEIGHT="91" WIDTH="207" VPOS="2130" HPOS="908" CONTENT="(Voir" ID="tl_31_1" STYLEREFS="FONT2"/>
            <SP HEIGHT="91" WIDTH="17" VPOS="2130" HPOS="1114"/>
            <String HEIGHT="91" WIDTH="86" VPOS="2130" HPOS="1063" CONTENT="à" ID="tl_31_2" STYLEREFS="FONT2"/>
            <SP HEIGHT="91" WIDTH="17" VPOS="2130" HPOS="1149"/>
            <String HEIGHT="91" WIDTH="103" VPOS="2130" HPOS="1097" CONTENT="la" ID="tl_31_3" STYLEREFS="FONT2"/>
            <SP HEIGHT="91" WIDTH="17" VPOS="2130" HPOS="1200"/>
            <String HEIGHT="91" WIDTH="275" VPOS="2130" HPOS="1132" CONTENT="Peinture)" ID="tl_31_4" STYLEREFS="FONT2"/>
          </TextLine>
        </TextBlock>
        <TextBlock ID="r_3_17" HEIGHT="214" WIDTH="1084" VPOS="2248" HPOS="363">
          <TextLine ID="tl_32" BASELINE="2304" HEIGHT="68" WIDTH="1096" VPOS="2236" HPOS="356">
            <String HEIGHT="68" WIDTH="356" VPOS="2236" HPOS="329" CONTENT="CORBINEAU" ID="tl_32_1" STYLEREFS="FONT0"/>
            <SP HEIGHT="68" WIDTH="27" VPOS="2236" HPOS="685"/>
            <String HEIGHT="68" WIDTH="603" VPOS="2236" HPOS="603" CONTENT="(Auguste-Charles)," ID="tl_32_2" STYLEREFS="FONT0"/>
            <SP HEIGHT="68" WIDTH="27" VPOS="2236" HPOS="1205"/>
            <String HEIGHT="68" WIDTH="164" VPOS="2236" HPOS="1123" CONTENT="né" ID="tl_32_3" STYLEREFS="FONT0"/>
            <SP HEIGHT="68" WIDTH="27" VPOS="2236" HPOS="1288"/>
            <String HEIGHT="68" WIDTH="137" VPOS="2236" HPOS="1205" CONTENT="à" ID="tl_32_4" STYLEREFS="FONT0"/>
            <SP HEIGHT="68" WIDTH="27" VPOS="2236" HPOS="1342"/>
            <String HEIGHT="68" WIDTH="219" VPOS="2236" HPOS="1233" CONTENT="Saumur" ID="tl_32_5" STYLEREFS="FONT0"/>
          </TextLine>
          <TextLine ID="tl_33" BASELINE="2343" HEIGHT="50" WIDTH="1048" VPOS="2293" HPOS="401">
            <String HEIGHT="50" WIDTH="408" VPOS="2293" HPOS="382" CONTENT="(Maine-et-Loire)," ID="tl_33_1" STYLEREFS="FONT0"/>
            <SP HEIGHT="50" WIDTH="19" VPOS="2293" HPOS="789"/>
            <String HEIGHT="50" WIDTH="175" VPOS="2293" HPOS="731" CONTENT="élève" ID="tl_33_2" STYLEREFS="FONT0"/>
            <SP HEIGHT="50" WIDTH="19" VPOS="2293" HPOS="906"/>
            <String HEIGHT="50" WIDTH="116" VPOS="2293" HPOS="847" CONTENT="de" ID="tl_33_3" STYLEREFS="FONT0"/>
            <SP HEIGHT="50" WIDTH="19" VPOS="2293" HPOS="964"/>
            <String HEIGHT="50" WIDTH="136" VPOS="2293" HPOS="906" CONTENT="MM." ID="tl_33_4" STYLEREFS="FONT0"/>
            <SP HEIGHT="50" WIDTH="19" VPOS="2293" HPOS="1041"/>
            <String HEIGHT="50" WIDTH="194" VPOS="2293" HPOS="983" CONTENT="Hébert" ID="tl_33_5" STYLEREFS="FONT0"/>
            <SP HEIGHT="50" WIDTH="19" VPOS="2293" HPOS="1177"/>
            <String HEIGHT="50" WIDTH="136" VPOS="2293" HPOS="1119" CONTENT="(de" ID="tl_33_6" STYLEREFS="FONT0"/>
            <SP HEIGHT="50" WIDTH="19" VPOS="2293" HPOS="1255"/>
            <String HEIGHT="50" WIDTH="272" VPOS="2293" HPOS="1177" CONTENT="l’Institut)," ID="tl_33_7" STYLEREFS="FONT0"/>
          </TextLine>
          <TextLine ID="tl_34" BASELINE="2379" HEIGHT="55" WIDTH="1043" VPOS="2324" HPOS="404">
            <String HEIGHT="55" WIDTH="142" VPOS="2324" HPOS="380" CONTENT="et" ID="tl_34_1" STYLEREFS="FONT0"/>
            <SP HEIGHT="55" WIDTH="24" VPOS="2324" HPOS="523"/>
            <String HEIGHT="55" WIDTH="142" VPOS="2324" HPOS="451" CONTENT="J." ID="tl_34_2" STYLEREFS="FONT0"/>
            <SP HEIGHT="55" WIDTH="24" VPOS="2324" HPOS="594"/>
            <String HEIGHT="55" WIDTH="308" VPOS="2324" HPOS="523" CONTENT="Lefebvre;" ID="tl_34_3" STYLEREFS="FONT0"/>
            <SP HEIGHT="55" WIDTH="24" VPOS="2324" HPOS="831"/>
            <String HEIGHT="55" WIDTH="261" VPOS="2324" HPOS="760" CONTENT="diplôme" ID="tl_34_4" STYLEREFS="FONT0"/>
            <SP HEIGHT="55" WIDTH="24" VPOS="2324" HPOS="1020"/>
            <String HEIGHT="55" WIDTH="261" VPOS="2324" HPOS="949" CONTENT="d’hon.," ID="tl_34_5" STYLEREFS="FONT0"/>
            <SP HEIGHT="55" WIDTH="24" VPOS="2324" HPOS="1210"/>
            <String HEIGHT="55" WIDTH="261" VPOS="2324" HPOS="1139" CONTENT="Rennes;" ID="tl_34_6" STYLEREFS="FONT0"/>
            <SP HEIGHT="55" WIDTH="24" VPOS="2324" HPOS="1400"/>
            <String HEIGHT="55" WIDTH="142" VPOS="2324" HPOS="1305" CONTENT="méd." ID="tl_34_7" STYLEREFS="FONT0"/>
          </TextLine>
          <TextLine ID="tl_35" BASELINE="2421" HEIGHT="55" WIDTH="1050" VPOS="2366" HPOS="403">
            <String HEIGHT="55" WIDTH="153" VPOS="2366" HPOS="381" CONTENT="1re" ID="tl_35_1" STYLEREFS="FONT0"/>
            <SP HEIGHT="55" WIDTH="22" VPOS="2366" HPOS="534"/>
            <String HEIGHT="55" WIDTH="153" VPOS="2366" HPOS="469" CONTENT="cl," ID="tl_35_2" STYLEREFS="FONT0"/>
            <SP HEIGHT="55" WIDTH="22" VPOS="2366" HPOS="622"/>
            <String HEIGHT="55" WIDTH="306" VPOS="2366" HPOS="556" CONTENT="Rochefort," ID="tl_35_3" STYLEREFS="FONT0"/>
            <SP HEIGHT="55" WIDTH="22" VPOS="2366" HPOS="862"/>
            <String HEIGHT="55" WIDTH="241" VPOS="2366" HPOS="797" CONTENT="Amiens," ID="tl_35_4" STYLEREFS="FONT0"/>
            <SP HEIGHT="55" WIDTH="22" VPOS="2366" HPOS="1037"/>
            <String HEIGHT="55" WIDTH="394" VPOS="2366" HPOS="972" CONTENT="Saint-Germain," ID="tl_35_5" STYLEREFS="FONT0"/>
            <SP HEIGHT="55" WIDTH="22" VPOS="2366" HPOS="1366"/>
            <String HEIGHT="55" WIDTH="175" VPOS="2366" HPOS="1300" CONTENT="etc." ID="tl_35_6" STYLEREFS="FONT0"/>
            <SP HEIGHT="55" WIDTH="22" VPOS="2366" HPOS="1475"/>
            <String HEIGHT="55" WIDTH="66" VPOS="2366" HPOS="1387" CONTENT="—" ID="tl_35_7" STYLEREFS="FONT0"/>
          </TextLine>
          <TextLine ID="tl_36" BASELINE="2471" HEIGHT="61" WIDTH="581" VPOS="2410" HPOS="401">
            <String HEIGHT="61" WIDTH="151" VPOS="2410" HPOS="379" CONTENT="Rue" ID="tl_36_1" STYLEREFS="FONT0"/>
            <SP HEIGHT="61" WIDTH="22" VPOS="2410" HPOS="530"/>
            <String HEIGHT="61" WIDTH="344" VPOS="2410" HPOS="466" CONTENT="Sainte-Anne," ID="tl_36_2" STYLEREFS="FONT0"/>
            <SP HEIGHT="61" WIDTH="22" VPOS="2410" HPOS="810"/>
            <String HEIGHT="61" WIDTH="151" VPOS="2410" HPOS="745" CONTENT="51," ID="tl_36_3" STYLEREFS="FONT0"/>
            <SP HEIGHT="61" WIDTH="22" VPOS="2410" HPOS="896"/>
            <String HEIGHT="61" WIDTH="172" VPOS="2410" HPOS="810" CONTENT="Paris." ID="tl_36_4" STYLEREFS="FONT0"/>
          </TextLine>
        </TextBlock>
        <TextBlock ID="r_3_18" HEIGHT="43" WIDTH="495" VPOS="2483" HPOS="243">
          <TextLine ID="tl_37" BASELINE="2528" HEIGHT="61" WIDTH="506" VPOS="2467" HPOS="237">
            <String HEIGHT="61" WIDTH="245" VPOS="2467" HPOS="221" CONTENT="752" ID="tl_37_1" STYLEREFS="FONT1"/>
            <SP HEIGHT="61" WIDTH="16" VPOS="2467" HPOS="466"/>
            <String HEIGHT="61" WIDTH="98" VPOS="2467" HPOS="417" CONTENT="La" ID="tl_37_2" STYLEREFS="FONT0"/>
            <SP HEIGHT="61" WIDTH="16" VPOS="2467" HPOS="514"/>
            <String HEIGHT="61" WIDTH="163" VPOS="2467" HPOS="466" CONTENT="cigale" ID="tl_37_3" STYLEREFS="FONT0"/>
            <SP HEIGHT="61" WIDTH="16" VPOS="2467" HPOS="629"/>
            <String HEIGHT="61" WIDTH="180" VPOS="2467" HPOS="563" CONTENT="(pastel)." ID="tl_37_4" STYLEREFS="FONT0"/>
          </TextLine>
        </TextBlock>
        <TextBlock ID="r_4_1" HEIGHT="47" WIDTH="468" VPOS="2529" HPOS="937">
          <TextLine ID="tl_38" BASELINE="2589" HEIGHT="81" WIDTH="480" VPOS="2508" HPOS="931">
            <String HEIGHT="81" WIDTH="206" VPOS="2508" HPOS="914" CONTENT="(Voir" ID="tl_38_1" STYLEREFS="FONT2"/>
            <SP HEIGHT="81" WIDTH="17" VPOS="2508" HPOS="1120"/>
            <String HEIGHT="81" WIDTH="86" VPOS="2508" HPOS="1068" CONTENT="à" ID="tl_38_2" STYLEREFS="FONT2"/>
            <SP HEIGHT="81" WIDTH="17" VPOS="2508" HPOS="1154"/>
            <String HEIGHT="81" WIDTH="103" VPOS="2508" HPOS="1102" CONTENT="la" ID="tl_38_3" STYLEREFS="FONT2"/>
            <SP HEIGHT="81" WIDTH="17" VPOS="2508" HPOS="1205"/>
            <String HEIGHT="81" WIDTH="274" VPOS="2508" HPOS="1137" CONTENT="Peinture)" ID="tl_38_4" STYLEREFS="FONT2"/>
          </TextLine>
        </TextBlock>
        <GraphicalElement ID="r_5" HEIGHT="8" WIDTH="1010" VPOS="136" HPOS="630"/>
        <GraphicalElement ID="r_6" HEIGHT="25" WIDTH="1730" VPOS="2973" HPOS="0"/>
        <GraphicalElement ID="r_7" HEIGHT="680" WIDTH="11" VPOS="709" HPOS="17"/>
        <GraphicalElement ID="r_8" HEIGHT="263" WIDTH="14" VPOS="649" HPOS="45"/>
        <GraphicalElement ID="r_9" HEIGHT="1510" WIDTH="13" VPOS="1028" HPOS="1742"/>
        <GraphicalElement ID="r_10" HEIGHT="869" WIDTH="21" VPOS="159" HPOS="1746"/>
      </PrintSpace>
    </Page>
  </Layout>
</alto>
