1595 3083
652 133 199 83 EN
718 133 266 83 VENTE.

313 194 161 92 A
377 194 193 92 LA
474 194 418 92 LIBRAIRIE
795 194 193 92 DE
891 194 193 92 J.
956 194 353 92 TECHENER,

559 257 150 75 RUE
644 257 129 75 DE
709 257 343 75 L’ARBRE-SEC,
966 257 107 75 52.

436 367 712 80 CORRESPONDANCE

709 444 193 60 ENTRE

40 523 250 76 R.

1326 536 126 73 11
1368 536 105 73 i>A

-2 535 1494 108 <b>DUTHAUETRHTPUA

740 623 122 65 ET

491 681 583 111 BROSSETTE,

513 775 214 63 Avocat
662 775 128 63 au
727 775 278 63 Parlement
940 775 128 63 de
983 775 150 63 Lyon.

399 823 254 70 PUBLIÉE
584 823 162 70 SUR
676 823 162 70 LES
768 823 323 70 MANUSCRITS
999 823 254 70 ORIGINAUX

527 889 183 80 PAR
632 889 288 80 AUGUSTE
815 889 288 80 LAVERDET,

295 961 550 60 <b>INTRODUCTION
758 961 203 60 PAR
874 961 174 60 M.
961 961 260 60 JULES
1105 961 232 60 JANIN.

406 1015 233 70 <i>Première
593 1015 171 70 édition
717 1015 202 70 complète,
873 1015 93 70 en
919 1015 155 70 partie
1012 1015 218 70 inédite</i>.

127 1061 104 83 Un
179 1061 173 83 volume
300 1061 139 83 in-8
387 1061 104 83 de
439 1061 173 83 XXXII—
560 1061 121 83 608
630 1061 173 83 pages,
751 1061 139 83 avec
838 1061 121 83 six
907 1061 260 83 fac-simile,
1115 1061 104 83 et
1167 1061 104 83 la
1219 1061 243 83 généalogie
1410 1061 104 83 de
1445 1061 69 83 la

552 1123 198 63 famille
696 1123 108 63 de
750 1123 198 63 Boileau
876 1123 216 63 Despréaux.

719 1164 117 65 DIERE
797 1164 65 65 (
823 1164 65 65 C
849 1164 78 65 C)
875 1164 39 65 C

344 1214 333 79 SOMMAIRE
594 1214 167 79 DU
678 1214 306 79 CONTENU
900 1214 167 79 DE
983 1214 167 79 CE
1039 1214 250 79 VOLUME:

404 1265 268 69 (COMPLÉMENT
618 1265 125 69 DES
690 1265 196 69 OEUVRÉS
833 1265 107 69 DE
886 1265 196 69 BOILEAU
1011 1265 232 69 DESPRÉAUX.)

96 1308 246 90 PREMIÈRE
280 1308 205 90 PARTIE
423 1308 246 90 (Premier
608 1308 205 90 volume
751 1308 123 90 du
813 1308 307 90 manuscrit).
1059 1308 102 90 —
1100 1308 369 90 Correspondance
1387 1308 143 90 entre

137 1382 213 55 Boileau
292 1382 252 55 Despréaux
485 1382 116 55 et
544 1382 252 55 Brossette
737 1382 271 55 (contenant
951 1382 368 55 soixante-quinze
1261 1382 213 55 lettres
1396 1382 136 55 auto-

144 1428 210 49 graphes
296 1428 210 49 signées
449 1428 114 49 de
506 1428 210 49 Boileau
658 1428 286 49 Despréaux).
887 1428 95 49 —
925 1428 172 49 Arrêt
1040 1428 114 49 de
1097 1428 229 49 noblesse
1268 1428 114 49 de
1325 1428 114 49 la
1364 1428 172 49 famille

142 1467 119 53 de
202 1467 218 53 Boileau
360 1467 277 53 Despréaux.
577 1467 99 53 —
617 1467 237 53 Sentence
795 1467 138 53 des
874 1467 237 53 requêtes
1052 1467 119 53 du
1112 1467 198 53 Palais
1250 1467 138 53 sur
1329 1467 119 53 le
1369 1467 158 53 procès

138 1503 110 55 du
193 1503 202 55 Lutrin.
339 1503 92 55 —
376 1503 202 55 Lettres
523 1503 110 55 et
578 1503 183 55 pièces
706 1503 110 55 de
761 1503 202 55 divers.
908 1503 92 55 —
945 1503 239 55 Testament
1128 1503 110 55 de
1183 1503 202 55 Boileau
1312 1503 220 55 Despréaux.

99 1543 222 62 DEUXIÈME
266 1543 204 62 PARTIE,
414 1543 111 62 ou
470 1543 389 62 <i>Supplément</i>
803 1543 241 62 (deuxième
989 1543 185 62 volume
1118 1543 111 62 du
1174 1543 259 62 manuscrit)
1359 1543 167 62 compre-

134 1592 149 56 nant
227 1592 130 56 les
302 1592 204 56 papiers
450 1592 111 56 de
506 1592 204 56 Boileau
655 1592 242 56 Despréaux
841 1592 204 56 laissés
989 1592 93 56 à
1026 1592 111 56 sa
1082 1592 167 56 mort,
1194 1592 111 56 et
1249 1592 186 56 donnés
1379 1592 93 56 à
1398 1592 130 56 Bros-

815 1638 111 48 —
859 1638 155 48 Les
948 1638 199 48 Héros
1081 1638 133 48 du
1147 1638 222 48 Roman,
1280 1638 244 48 dialogue,

139 1638 170 57 sette
252 1638 132 57 par
327 1638 188 57 l’abbé
459 1638 226 57 Boileau,
629 1638 132 57 son
685 1638 151 57 frère.

59 1690 150 34 —

200 1680 165 46 Deux
304 1680 269 46 Épitaphes
510 1680 124 46 de
572 1680 227 46 Racine.
738 1680 103 46 —
779 1680 227 46 Réponse
944 1680 103 46 à
986 1680 124 46 un
1048 1680 227 46 mémoire
1213 1680 124 46 de
1275 1680 207 46 Claude
1399 1680 124 46 Per-

141 1721 186 53 rault.
271 1721 93 53 —
308 1721 223 53 Lettres:
475 1721 111 53 au
531 1721 167 53 comte
642 1721 111 53 de
698 1721 223 53 Vivonne;
865 1721 93 53 à
902 1721 241 53 Maucroix;
1088 1721 93 53 à
1125 1721 186 53 Racine
1255 1721 148 53 (dix
1329 1721 204 53 lettres);

140 1758 101 51 à
180 1758 202 51 Madame
321 1758 242 51 Manchon,
503 1758 121 51 sa
564 1758 182 51 sœur;
685 1758 101 51 à
725 1758 202 51 Madame
866 1758 121 51 la
927 1758 242 51 marquise
1108 1758 121 51 de
1169 1758 262 51 Villette;
1371 1758 101 51 à
1411 1758 121 51 M.
1451 1758 81 51 de

139 1805 124 44 La
201 1805 269 44 Chapelle,
409 1805 145 44 son
492 1805 187 44 neveu
616 1805 166 44 (dix
720 1805 269 44 lettres);
927 1805 104 44 à
968 1805 124 44 M.
1031 1805 124 44 le
1093 1805 187 44 comte
1217 1805 124 44 de
1279 1805 269 44 Maurepas;
1466 1805 62 44 à

132 1845 118 51 M.
191 1845 118 51 de
250 1845 354 51 Pontchartrain;
545 1845 98 51 à
584 1845 118 51 M.
643 1845 196 51 l’abbé
781 1845 216 51 Bignon;
938 1845 98 51 à
977 1845 118 51 M.
1036 1845 118 51 le
1095 1845 177 51 comte
1213 1845 118 51 de
1272 1845 177 51 Revel
1390 1845 138 51 sur
1448 1845 79 51 le

135 1887 208 53 combat
281 1887 125 53 de
343 1887 249 53 Crémone;
530 1887 104 53 à
572 1887 125 53 M.
634 1887 125 53 Le
696 1887 249 53 Verrier;
884 1887 104 53 à
925 1887 312 53 Destouches;
1175 1887 125 53 au
1237 1887 166 53 père
1320 1887 208 53 Thoulier

133 1930 186 53 (trois
263 1930 242 53 lettres),
449 1930 167 53 etc.,
561 1930 204 53 etc...;
709 1930 223 53 Maucroix
877 1930 93 53 à
914 1930 242 53 Despréaux
1100 1930 167 53 (cinq
1211 1930 242 53 lettres);
1378 1930 149 53 Racine

139 1976 95 39 à
177 1976 266 39 Despréaux;
386 1976 114 39 le
443 1976 152 39 père
538 1976 228 39 Bouhours
709 1976 95 39 à
747 1976 266 39 Despréaux,
956 1976 171 39 etc.,
1070 1976 152 39 etc.
1165 1976 95 39 —
1203 1976 190 39 Pièces
1336 1976 114 39 de
1393 1976 152 39 vers
1469 1976 57 39 :

143 2016 301 46 Épigrammes;
384 2016 221 46 Chanson
544 2016 100 46 à
585 2016 201 46 boire;
725 2016 221 46 Enigme;
886 2016 221 46 Parodie
1046 2016 281 46 burlesque;
1267 2016 241 46 Réponses
1428 2016 100 46 aux

140 2059 234 53 jésuites
316 2059 117 53 de
375 2059 234 53 Trévoux;
550 2059 273 53 Quatrains;
765 2059 176 53 etc.,
882 2059 156 53 etc.
980 2059 234 53 Fragment
1155 2059 156 53 d’un
1253 2059 234 53 prologue
1409 2059 117 53 d’o-

135 2106 267 53 péra....;
341 2106 226 53 Préface
505 2106 164 53 pour
608 2106 123 53 la
670 2106 206 53 Satire
814 2106 164 53 XII;
916 2106 185 53 Notes
1040 2106 164 53 pour
1143 2106 370 53 l’intelligence
1430 2106 103 53 des

132 2145 186 48 œuvres
263 2145 224 48 diverses
431 2145 112 48 de
487 2145 261 48 Despréaux,
692 2145 131 48 sur
766 2145 112 48 la
822 2145 205 48 préface
972 2145 112 48 de
1027 2145 242 48 l’édition
1214 2145 149 48 in-4
1307 2145 112 48 de
1344 2145 131 48 1701.

92 2178 246 56 TROISIÊME
282 2178 208 56 PARTIE,
433 2178 114 56 ou
490 2178 398 56 <i>Appendice</i>.
831 2178 95 56 —
869 2178 227 56 Mémoires
1039 2178 114 56 de
1096 2178 265 56 Brossette,
1305 2178 133 56 sur
1361 2178 171 56 Boileau

136 2228 274 48 Despréaux,
351 2228 215 48 d’après
508 2228 137 48 les
586 2228 254 48 fragments
781 2228 254 48 originaux
977 2228 254 48 conservés
1172 2228 98 48 à
1211 2228 117 48 la
1250 2228 274 48 Bibliothèque

404 2273 220 54 Lettres
564 2273 120 54 de
624 2273 120 54 M.
684 2273 120 54 A.
744 2273 260 54 Péricaud,
944 2273 120 54 et
1003 2273 340 54 dissertation,
1283 2273 120 54 au
1343 2273 180 54 sujet
1443 2273 80 54 de

112 2271 236 55 Impériale.

115 2313 226 56 Brossette.

388 2315 177 48 Table
506 2315 275 48 analytique
722 2315 138 48 des
801 2315 177 48 noms,
919 2315 138 48 des
997 2315 196 48 lieux,
1135 2315 177 48 etc.,
1253 2315 177 48 cités
1371 2315 157 48 dans
1449 2315 79 48 la

134 2354 351 51 correspondance
427 2354 176 51 entre
544 2354 215 51 Boileau
701 2354 254 51 Despréaux
896 2354 117 51 et
935 2354 234 51 Brossette.

1352 2403 119 56 10
1392 2403 99 56 fr.

365 2396 187 67 papier
496 2396 168 67 carré
590 2396 149 67 vélin.

238 2398 132 64 Prix,

875 2398 164 65 6
941 2398 164 65 6
1039 2398 164 65 6
1105 2398 164 65 0
1170 2398 164 65 6
1236 2398 98 65 0

1346 2449 126 56 15
1388 2449 105 56 fr.

364 2461 201 51 papier
505 2461 181 51 grand
625 2461 201 51 raisin
766 2461 221 51 vélin..
927 2461 101 51 .
967 2461 101 51 .
1007 2461 101 51 .
1048 2461 101 51 .
1088 2461 101 51 .
1128 2461 101 51 .
1168 2461 101 51 .
1208 2461 101 51 .
1249 2461 101 51 .
1269 2461 60 51 .

1347 2490 123 58 15
1388 2490 103 58 fr.

360 2492 187 63 papier
491 2492 168 63 grand
603 2492 187 63 raisin
715 2492 150 63 vergé.

869 2492 151 60 6
960 2492 151 60 »
1020 2492 151 60 6
1081 2492 151 60 6
1202 2492 151 60 6
1232 2492 91 60 »

253 2531 119 56 Il
313 2531 99 56 a
352 2531 139 56 été
432 2531 159 56 tiré
531 2531 278 56 vingt-cinq
750 2531 298 56 exemplaires
988 2531 139 56 sur
1068 2531 199 56 papier
1187 2531 139 56 grand

132 2573 186 71 raisin
263 2573 279 71 fort,vergé,
486 2573 260 71 numérotés,
690 2573 149 71 avec
783 2573 167 71 titre
894 2573 204 71 imprimé
1043 2573 149 71 noir
1136 2573 112 71 et
1173 2573 149 71 rouge,

1362 2603 111 67 30
1399 2603 93 67 fr.

129 2628 109 52 et
183 2628 182 52 collés
311 2628 164 52 après
401 2628 273 52 l’impression.

679 2636 161 54 6
744 2636 161 54 »
808 2636 161 54 ★
905 2636 161 54 —
937 2636 97 54 »

91 2657 241 69 L’épitaphe
280 2657 103 69 de
332 2657 172 69 Racine
453 2657 121 69 par
522 2657 190 69 Boileau
660 2657 241 69 Despréaux,
849 2657 224 69 conservée
1022 2657 138 69 dans
1108 2657 207 69 l’Eglise
1246 2657 276 69 Saint-

133 2708 204 65 au-Mont,
286 2708 102 65 et
337 2708 238 65 reproduite
525 2708 136 65 dans
610 2708 102 65 ce
661 2708 187 65 volume,
797 2708 85 65 a
831 2708 119 65 été
899 2708 153 65 tirée
1001 2708 85 65 à
1035 2708 153 65 part,
1137 2708 136 65 pour
1223 2708 119 65 les
1291 2708 153 65 trois
1376 2708 153 65 papiers

127 2754 159 62 grand
234 2754 195 62 raisin,
358 2754 213 62 seulement.

296 2842 172 62 Paris.
416 2842 86 62 —
450 2842 258 62 Typographie
656 2842 103 62 de
708 2842 189 62 Gaittet
845 2842 103 62 et
897 2842 137 62 Cie,
983 2842 120 62 rue
1051 2842 275 62 Gît-le-Cœur,
1257 2842 69 62 7.
