<alto xmlns:xsi="http://www.w3.org/2001/XMLSchema-instance" xmlns="http://www.loc.gov/standards/alto/ns-v2#" xmlns:page="http://schema.primaresearch.org/PAGE/gts/pagecontent/2013-07-15" xsi:schemaLocation="http://www.loc.gov/standards/alto/ns-v2# http://www.loc.gov/standards/alto/alto.xsd">
  <Description>
    <MeasurementUnit>mm10</MeasurementUnit>
    <sourceImageInformation>
         <fileName>113.jpg</fileName>
      </sourceImageInformation>
    <OCRProcessing ID="IdOcr">
      <ocrProcessingStep>
        <processingDateTime>2020-11-16T10:41:22.167+01:00</processingDateTime>
        <processingSoftware>
               <softwareCreator>CONTRIBUTORS</softwareCreator>
               <softwareName>pdfalto</softwareName>
               <softwareVersion>0.1</softwareVersion>
            </processingSoftware>
      </ocrProcessingStep>
    </OCRProcessing>
  </Description>
  <Styles>
     <TextStyle ID="FONT0" FONTFAMILY="unknown" FONTSIZE="unknown" FONTSTYLE=""/>
     <TextStyle ID="FONT1" FONTFAMILY="unknown" FONTSIZE="unknown" FONTSTYLE="bold"/>
     <TextStyle ID="FONT2" FONTFAMILY="unknown" FONTSIZE="unknown" FONTSTYLE="italics"/>
</Styles>
  <Tags/>
  <Layout>
    <Page ID="Page1" PHYSICAL_IMG_NR="1" HEIGHT="2991" WIDTH="1928">
      <PrintSpace HEIGHT="2991" WIDTH="1928" VPOS="0" HPOS="0">
        <TextBlock ID="r1" HEIGHT="2081" WIDTH="1220" VPOS="369" HPOS="260">
          <TextLine ID="r1l1" BASELINE="417" HEIGHT="48" WIDTH="56" VPOS="369" HPOS="841">
            <String HEIGHT="48" WIDTH="93" VPOS="369" HPOS="804" CONTENT="111" ID="r1l1_1" STYLEREFS="FONT0"/>
          </TextLine>
          <TextLine ID="r1l2" BASELINE="538" HEIGHT="52" WIDTH="1218" VPOS="486" HPOS="260">
            <String HEIGHT="52" WIDTH="277" VPOS="486" HPOS="232" CONTENT="FILLEY" ID="r1l2_1" STYLEREFS="FONT0"/>
            <SP HEIGHT="52" WIDTH="28" VPOS="486" HPOS="509"/>
            <String HEIGHT="52" WIDTH="388" VPOS="486" HPOS="426" CONTENT="(Georges)," ID="r1l2_2" STYLEREFS="FONT0"/>
            <SP HEIGHT="52" WIDTH="28" VPOS="486" HPOS="814"/>
            <String HEIGHT="52" WIDTH="166" VPOS="486" HPOS="731" CONTENT="né" ID="r1l2_3" STYLEREFS="FONT0"/>
            <SP HEIGHT="52" WIDTH="28" VPOS="486" HPOS="897"/>
            <String HEIGHT="52" WIDTH="221" VPOS="486" HPOS="814" CONTENT="dans" ID="r1l2_4" STYLEREFS="FONT0"/>
            <SP HEIGHT="52" WIDTH="28" VPOS="486" HPOS="1035"/>
            <String HEIGHT="52" WIDTH="332" VPOS="486" HPOS="952" CONTENT="l’Yonne." ID="r1l2_5" STYLEREFS="FONT0"/>
            <SP HEIGHT="52" WIDTH="28" VPOS="486" HPOS="1284"/>
            <String HEIGHT="52" WIDTH="138" VPOS="486" HPOS="1201" CONTENT="—" ID="r1l2_6" STYLEREFS="FONT0"/>
            <SP HEIGHT="52" WIDTH="28" VPOS="486" HPOS="1340"/>
            <String HEIGHT="52" WIDTH="194" VPOS="486" HPOS="1257" CONTENT="38," ID="r1l2_7" STYLEREFS="FONT0"/>
            <SP HEIGHT="52" WIDTH="28" VPOS="486" HPOS="1450"/>
            <String HEIGHT="52" WIDTH="138" VPOS="486" HPOS="1340" CONTENT="rue" ID="r1l2_8" STYLEREFS="FONT0"/>
          </TextLine>
          <TextLine ID="r1l3" BASELINE="597" HEIGHT="45" WIDTH="270" VPOS="552" HPOS="305">
            <String HEIGHT="45" WIDTH="245" VPOS="552" HPOS="280" CONTENT="Ramey," ID="r1l3_1" STYLEREFS="FONT0"/>
            <SP HEIGHT="45" WIDTH="25" VPOS="552" HPOS="526"/>
            <String HEIGHT="45" WIDTH="147" VPOS="552" HPOS="428" CONTENT="18e." ID="r1l3_2" STYLEREFS="FONT0"/>
          </TextLine>
          <TextLine ID="r1l4" BASELINE="730" HEIGHT="54" WIDTH="807" VPOS="676" HPOS="392">
            <String HEIGHT="54" WIDTH="327" VPOS="676" HPOS="370" CONTENT="1087" ID="r1l4_1" STYLEREFS="FONT1"/>
            <SP HEIGHT="54" WIDTH="22" VPOS="676" HPOS="697"/>
            <String HEIGHT="54" WIDTH="196" VPOS="676" HPOS="632" CONTENT="Femme" ID="r1l4_2" STYLEREFS="FONT0"/>
            <SP HEIGHT="54" WIDTH="22" VPOS="676" HPOS="828"/>
            <String HEIGHT="54" WIDTH="153" VPOS="676" HPOS="763" CONTENT="aux" ID="r1l4_3" STYLEREFS="FONT0"/>
            <SP HEIGHT="54" WIDTH="22" VPOS="676" HPOS="915"/>
            <String HEIGHT="54" WIDTH="284" VPOS="676" HPOS="850" CONTENT="babouches" ID="r1l4_4" STYLEREFS="FONT0"/>
            <SP HEIGHT="54" WIDTH="22" VPOS="676" HPOS="1134"/>
            <String HEIGHT="54" WIDTH="153" VPOS="676" HPOS="1046" CONTENT="(nu)." ID="r1l4_5" STYLEREFS="FONT0"/>
          </TextLine>
          <TextLine ID="r1l5" BASELINE="787" HEIGHT="51" WIDTH="849" VPOS="736" HPOS="395">
            <String HEIGHT="51" WIDTH="283" VPOS="736" HPOS="376" CONTENT="1088" ID="r1l5_1" STYLEREFS="FONT1"/>
            <SP HEIGHT="51" WIDTH="19" VPOS="736" HPOS="659"/>
            <String HEIGHT="51" WIDTH="132" VPOS="736" HPOS="603" CONTENT="Sur" ID="r1l5_2" STYLEREFS="FONT0"/>
            <SP HEIGHT="51" WIDTH="19" VPOS="736" HPOS="735"/>
            <String HEIGHT="51" WIDTH="113" VPOS="736" HPOS="678" CONTENT="la" ID="r1l5_3" STYLEREFS="FONT0"/>
            <SP HEIGHT="51" WIDTH="19" VPOS="736" HPOS="791"/>
            <String HEIGHT="51" WIDTH="208" VPOS="736" HPOS="735" CONTENT="pelouse" ID="r1l5_4" STYLEREFS="FONT0"/>
            <SP HEIGHT="51" WIDTH="19" VPOS="736" HPOS="942"/>
            <String HEIGHT="51" WIDTH="189" VPOS="736" HPOS="886" CONTENT="(effet" ID="r1l5_5" STYLEREFS="FONT0"/>
            <SP HEIGHT="51" WIDTH="19" VPOS="736" HPOS="1074"/>
            <String HEIGHT="51" WIDTH="113" VPOS="736" HPOS="1018" CONTENT="de" ID="r1l5_6" STYLEREFS="FONT0"/>
            <SP HEIGHT="51" WIDTH="19" VPOS="736" HPOS="1131"/>
            <String HEIGHT="51" WIDTH="189" VPOS="736" HPOS="1055" CONTENT="soleil)." ID="r1l5_7" STYLEREFS="FONT0"/>
          </TextLine>
          <TextLine ID="r1l6" BASELINE="847" HEIGHT="50" WIDTH="741" VPOS="797" HPOS="382">
            <String HEIGHT="50" WIDTH="300" VPOS="797" HPOS="362" CONTENT="1089" ID="r1l6_1" STYLEREFS="FONT1"/>
            <SP HEIGHT="50" WIDTH="20" VPOS="797" HPOS="662"/>
            <String HEIGHT="50" WIDTH="220" VPOS="797" HPOS="602" CONTENT="Bateaux" ID="r1l6_2" STYLEREFS="FONT0"/>
            <SP HEIGHT="50" WIDTH="20" VPOS="797" HPOS="823"/>
            <String HEIGHT="50" WIDTH="200" VPOS="797" HPOS="763" CONTENT="(effet" ID="r1l6_3" STYLEREFS="FONT0"/>
            <SP HEIGHT="50" WIDTH="20" VPOS="797" HPOS="963"/>
            <String HEIGHT="50" WIDTH="120" VPOS="797" HPOS="903" CONTENT="du" ID="r1l6_4" STYLEREFS="FONT0"/>
            <SP HEIGHT="50" WIDTH="20" VPOS="797" HPOS="1023"/>
            <String HEIGHT="50" WIDTH="180" VPOS="797" HPOS="943" CONTENT="matin)." ID="r1l6_5" STYLEREFS="FONT0"/>
          </TextLine>
          <TextLine ID="r1l8" BASELINE="1051" HEIGHT="47" WIDTH="1016" VPOS="1004" HPOS="260">
            <String HEIGHT="47" WIDTH="243" VPOS="1004" HPOS="238" CONTENT="FILLIOL" ID="r1l8_1" STYLEREFS="FONT0"/>
            <SP HEIGHT="47" WIDTH="22" VPOS="1004" HPOS="481"/>
            <String HEIGHT="47" WIDTH="287" VPOS="1004" HPOS="415" CONTENT="(Ernest)," ID="r1l8_2" STYLEREFS="FONT0"/>
            <SP HEIGHT="47" WIDTH="22" VPOS="1004" HPOS="702"/>
            <String HEIGHT="47" WIDTH="133" VPOS="1004" HPOS="635" CONTENT="né" ID="r1l8_3" STYLEREFS="FONT0"/>
            <SP HEIGHT="47" WIDTH="22" VPOS="1004" HPOS="768"/>
            <String HEIGHT="47" WIDTH="110" VPOS="1004" HPOS="702" CONTENT="à" ID="r1l8_4" STYLEREFS="FONT0"/>
            <SP HEIGHT="47" WIDTH="22" VPOS="1004" HPOS="812"/>
            <String HEIGHT="47" WIDTH="221" VPOS="1004" HPOS="746" CONTENT="Colmar" ID="r1l8_5" STYLEREFS="FONT0"/>
            <SP HEIGHT="47" WIDTH="22" VPOS="1004" HPOS="967"/>
            <String HEIGHT="47" WIDTH="287" VPOS="1004" HPOS="901" CONTENT="(Alsace)." ID="r1l8_6" STYLEREFS="FONT0"/>
            <SP HEIGHT="47" WIDTH="22" VPOS="1004" HPOS="1188"/>
            <String HEIGHT="47" WIDTH="110" VPOS="1004" HPOS="1121" CONTENT="—" ID="r1l8_7" STYLEREFS="FONT0"/>
            <SP HEIGHT="47" WIDTH="22" VPOS="1004" HPOS="1232"/>
            <String HEIGHT="47" WIDTH="133" VPOS="1004" HPOS="1143" CONTENT="126," ID="r1l8_8" STYLEREFS="FONT0"/>
          </TextLine>
          <TextLine ID="r1l9" BASELINE="1112" HEIGHT="47" WIDTH="711" VPOS="1065" HPOS="308">
            <String HEIGHT="47" WIDTH="308" VPOS="1065" HPOS="284" CONTENT="boulevard" ID="r1l9_1" STYLEREFS="FONT0"/>
            <SP HEIGHT="47" WIDTH="24" VPOS="1065" HPOS="592"/>
            <String HEIGHT="47" WIDTH="450" VPOS="1065" HPOS="521" CONTENT="Richard-Lenoir," ID="r1l9_2" STYLEREFS="FONT0"/>
            <SP HEIGHT="47" WIDTH="24" VPOS="1065" HPOS="972"/>
            <String HEIGHT="47" WIDTH="142" VPOS="1065" HPOS="877" CONTENT="11e." ID="r1l9_3" STYLEREFS="FONT0"/>
          </TextLine>
          <TextLine ID="r1l10" BASELINE="1236" HEIGHT="45" WIDTH="471" VPOS="1191" HPOS="584">
            <String HEIGHT="45" WIDTH="221" VPOS="1191" HPOS="569" CONTENT="1090" ID="r1l10_1" STYLEREFS="FONT1"/>
            <SP HEIGHT="45" WIDTH="15" VPOS="1191" HPOS="790"/>
            <String HEIGHT="45" WIDTH="206" VPOS="1191" HPOS="746" CONTENT="Notre-Dame" ID="r1l10_2" STYLEREFS="FONT0"/>
            <SP HEIGHT="45" WIDTH="15" VPOS="1191" HPOS="952"/>
            <String HEIGHT="45" WIDTH="88" VPOS="1191" HPOS="908" CONTENT="de" ID="r1l10_3" STYLEREFS="FONT0"/>
            <SP HEIGHT="45" WIDTH="15" VPOS="1191" HPOS="996"/>
            <String HEIGHT="45" WIDTH="118" VPOS="1191" HPOS="937" CONTENT="Paris." ID="r1l10_4" STYLEREFS="FONT0"/>
          </TextLine>
          <TextLine ID="r1l12" BASELINE="1296" HEIGHT="45" WIDTH="195" VPOS="1251" HPOS="586">
            <String HEIGHT="45" WIDTH="133" VPOS="1251" HPOS="577" CONTENT="1091" ID="r1l12_1" STYLEREFS="FONT1"/>
            <SP HEIGHT="45" WIDTH="9" VPOS="1251" HPOS="710"/>
            <String HEIGHT="45" WIDTH="106" VPOS="1251" HPOS="675" CONTENT="Intérieur." ID="r1l12_2" STYLEREFS="FONT0"/>
          </TextLine>
          <TextLine ID="r1l14" BASELINE="1356" HEIGHT="49" WIDTH="891" VPOS="1307" HPOS="582">
            <String HEIGHT="49" WIDTH="273" VPOS="1307" HPOS="564" CONTENT="1092" ID="r1l14_1" STYLEREFS="FONT1"/>
            <SP HEIGHT="49" WIDTH="18" VPOS="1307" HPOS="837"/>
            <String HEIGHT="49" WIDTH="109" VPOS="1307" HPOS="782" CONTENT="Le" ID="r1l14_2" STYLEREFS="FONT0"/>
            <SP HEIGHT="49" WIDTH="18" VPOS="1307" HPOS="891"/>
            <String HEIGHT="49" WIDTH="164" VPOS="1307" HPOS="837" CONTENT="pont;" ID="r1l14_3" STYLEREFS="FONT0"/>
            <SP HEIGHT="49" WIDTH="18" VPOS="1307" HPOS="1000"/>
            <String HEIGHT="49" WIDTH="200" VPOS="1307" HPOS="946" CONTENT="Paysage" ID="r1l14_4" STYLEREFS="FONT0"/>
            <SP HEIGHT="49" WIDTH="18" VPOS="1307" HPOS="1146"/>
            <String HEIGHT="49" WIDTH="255" VPOS="1307" HPOS="1091" CONTENT="d’automne;" ID="r1l14_5" STYLEREFS="FONT0"/>
            <SP HEIGHT="49" WIDTH="18" VPOS="1307" HPOS="1346"/>
            <String HEIGHT="49" WIDTH="109" VPOS="1307" HPOS="1291" CONTENT="Le" ID="r1l14_6" STYLEREFS="FONT0"/>
            <SP HEIGHT="49" WIDTH="18" VPOS="1307" HPOS="1400"/>
            <String HEIGHT="49" WIDTH="127" VPOS="1307" HPOS="1346" CONTENT="tas" ID="r1l14_7" STYLEREFS="FONT0"/>
            <SP HEIGHT="49" WIDTH="18" VPOS="1307" HPOS="1473"/>
            <String HEIGHT="49" WIDTH="73" VPOS="1307" HPOS="1400" CONTENT="de" ID="r1l14_8" STYLEREFS="FONT0"/>
          </TextLine>
          <TextLine ID="r1l16" BASELINE="1416" HEIGHT="46" WIDTH="492" VPOS="1370" HPOS="618">
            <String HEIGHT="46" WIDTH="234" VPOS="1370" HPOS="595" CONTENT="sable;" ID="r1l16_1" STYLEREFS="FONT0"/>
            <SP HEIGHT="46" WIDTH="23" VPOS="1370" HPOS="829"/>
            <String HEIGHT="46" WIDTH="141" VPOS="1370" HPOS="759" CONTENT="Le" ID="r1l16_2" STYLEREFS="FONT0"/>
            <SP HEIGHT="46" WIDTH="23" VPOS="1370" HPOS="899"/>
            <String HEIGHT="46" WIDTH="187" VPOS="1370" HPOS="829" CONTENT="pont" ID="r1l16_3" STYLEREFS="FONT0"/>
            <SP HEIGHT="46" WIDTH="23" VPOS="1370" HPOS="1016"/>
            <String HEIGHT="46" WIDTH="187" VPOS="1370" HPOS="923" CONTENT="Marie." ID="r1l16_4" STYLEREFS="FONT0"/>
          </TextLine>
          <TextLine ID="r1l17" BASELINE="1625" HEIGHT="53" WIDTH="1218" VPOS="1572" HPOS="262">
            <String HEIGHT="53" WIDTH="261" VPOS="1572" HPOS="233" CONTENT="FINCH" ID="r1l17_1" STYLEREFS="FONT0"/>
            <SP HEIGHT="53" WIDTH="29" VPOS="1572" HPOS="494"/>
            <String HEIGHT="53" WIDTH="232" VPOS="1572" HPOS="407" CONTENT="(Mme" ID="r1l17_2" STYLEREFS="FONT0"/>
            <SP HEIGHT="53" WIDTH="29" VPOS="1572" HPOS="639"/>
            <String HEIGHT="53" WIDTH="319" VPOS="1572" HPOS="552" CONTENT="Renée)," ID="r1l17_3" STYLEREFS="FONT0"/>
            <SP HEIGHT="53" WIDTH="29" VPOS="1572" HPOS="871"/>
            <String HEIGHT="53" WIDTH="203" VPOS="1572" HPOS="784" CONTENT="née" ID="r1l17_4" STYLEREFS="FONT0"/>
            <SP HEIGHT="53" WIDTH="29" VPOS="1572" HPOS="987"/>
            <String HEIGHT="53" WIDTH="145" VPOS="1572" HPOS="900" CONTENT="à" ID="r1l17_5" STYLEREFS="FONT0"/>
            <SP HEIGHT="53" WIDTH="29" VPOS="1572" HPOS="1045"/>
            <String HEIGHT="53" WIDTH="290" VPOS="1572" HPOS="958" CONTENT="Paris." ID="r1l17_6" STYLEREFS="FONT0"/>
            <SP HEIGHT="53" WIDTH="29" VPOS="1572" HPOS="1248"/>
            <String HEIGHT="53" WIDTH="145" VPOS="1572" HPOS="1161" CONTENT="—" ID="r1l17_7" STYLEREFS="FONT0"/>
            <SP HEIGHT="53" WIDTH="29" VPOS="1572" HPOS="1306"/>
            <String HEIGHT="53" WIDTH="290" VPOS="1572" HPOS="1190" CONTENT="Chavanne" ID="r1l17_8" STYLEREFS="FONT0"/>
          </TextLine>
          <TextLine ID="r1l18" BASELINE="1688" HEIGHT="56" WIDTH="955" VPOS="1632" HPOS="315">
            <String HEIGHT="56" WIDTH="269" VPOS="1632" HPOS="291" CONTENT="Studio," ID="r1l18_1" STYLEREFS="FONT0"/>
            <SP HEIGHT="56" WIDTH="24" VPOS="1632" HPOS="560"/>
            <String HEIGHT="56" WIDTH="196" VPOS="1632" HPOS="486" CONTENT="247," ID="r1l18_2" STYLEREFS="FONT0"/>
            <SP HEIGHT="56" WIDTH="24" VPOS="1632" HPOS="682"/>
            <String HEIGHT="56" WIDTH="220" VPOS="1632" HPOS="609" CONTENT="Kings" ID="r1l18_3" STYLEREFS="FONT0"/>
            <SP HEIGHT="56" WIDTH="24" VPOS="1632" HPOS="829"/>
            <String HEIGHT="56" WIDTH="147" VPOS="1632" HPOS="756" CONTENT="Rd" ID="r1l18_4" STYLEREFS="FONT0"/>
            <SP HEIGHT="56" WIDTH="24" VPOS="1632" HPOS="903"/>
            <String HEIGHT="56" WIDTH="294" VPOS="1632" HPOS="829" CONTENT="Chelsea," ID="r1l18_5" STYLEREFS="FONT0"/>
            <SP HEIGHT="56" WIDTH="24" VPOS="1632" HPOS="1123"/>
            <String HEIGHT="56" WIDTH="245" VPOS="1632" HPOS="1025" CONTENT="Londres," ID="r1l18_6" STYLEREFS="FONT0"/>
          </TextLine>
          <TextLine ID="r1l19" BASELINE="1811" HEIGHT="45" WIDTH="96" VPOS="1766" HPOS="579">
            <String HEIGHT="45" WIDTH="90" VPOS="1766" HPOS="573" CONTENT="1093" ID="r1l19_1" STYLEREFS="FONT1"/>
            <SP HEIGHT="45" WIDTH="6" VPOS="1766" HPOS="663"/>
            <String HEIGHT="45" WIDTH="36" VPOS="1766" HPOS="639" CONTENT="Eve." ID="r1l19_2" STYLEREFS="FONT0"/>
          </TextLine>
          <TextLine ID="r1l21" BASELINE="1870" HEIGHT="45" WIDTH="414" VPOS="1825" HPOS="548">
            <String HEIGHT="45" WIDTH="214" VPOS="1825" HPOS="534" CONTENT="1094" ID="r1l21_1" STYLEREFS="FONT1"/>
            <SP HEIGHT="45" WIDTH="14" VPOS="1825" HPOS="748"/>
            <String HEIGHT="45" WIDTH="100" VPOS="1825" HPOS="705" CONTENT="Une" ID="r1l21_2" STYLEREFS="FONT0"/>
            <SP HEIGHT="45" WIDTH="14" VPOS="1825" HPOS="805"/>
            <String HEIGHT="45" WIDTH="100" VPOS="1825" HPOS="762" CONTENT="rue" ID="r1l21_3" STYLEREFS="FONT0"/>
            <SP HEIGHT="45" WIDTH="14" VPOS="1825" HPOS="862"/>
            <String HEIGHT="45" WIDTH="157" VPOS="1825" HPOS="805" CONTENT="d’Assise." ID="r1l21_4" STYLEREFS="FONT0"/>
          </TextLine>
          <TextLine ID="r1l23" BASELINE="1938" HEIGHT="53" WIDTH="641" VPOS="1885" HPOS="386">
            <String HEIGHT="53" WIDTH="310" VPOS="1885" HPOS="365" CONTENT="1095" ID="r1l23_1" STYLEREFS="FONT1"/>
            <SP HEIGHT="53" WIDTH="21" VPOS="1885" HPOS="675"/>
            <String HEIGHT="53" WIDTH="248" VPOS="1885" HPOS="613" CONTENT="Ostensjo" ID="r1l23_2" STYLEREFS="FONT0"/>
            <SP HEIGHT="53" WIDTH="21" VPOS="1885" HPOS="862"/>
            <String HEIGHT="53" WIDTH="248" VPOS="1885" HPOS="779" CONTENT="(Norvège)." ID="r1l23_3" STYLEREFS="FONT0"/>
          </TextLine>
          <TextLine ID="r1l24" BASELINE="2141" HEIGHT="56" WIDTH="1204" VPOS="2085" HPOS="269">
            <String HEIGHT="56" WIDTH="241" VPOS="2085" HPOS="242" CONTENT="FINOT" ID="r1l24_1" STYLEREFS="FONT0"/>
            <SP HEIGHT="56" WIDTH="27" VPOS="2085" HPOS="483"/>
            <String HEIGHT="56" WIDTH="294" VPOS="2085" HPOS="403" CONTENT="(Léon)," ID="r1l24_2" STYLEREFS="FONT0"/>
            <SP HEIGHT="56" WIDTH="27" VPOS="2085" HPOS="697"/>
            <String HEIGHT="56" WIDTH="161" VPOS="2085" HPOS="617" CONTENT="né" ID="r1l24_3" STYLEREFS="FONT0"/>
            <SP HEIGHT="56" WIDTH="27" VPOS="2085" HPOS="777"/>
            <String HEIGHT="56" WIDTH="134" VPOS="2085" HPOS="697" CONTENT="à" ID="r1l24_4" STYLEREFS="FONT0"/>
            <SP HEIGHT="56" WIDTH="27" VPOS="2085" HPOS="831"/>
            <String HEIGHT="56" WIDTH="294" VPOS="2085" HPOS="751" CONTENT="Troyes." ID="r1l24_5" STYLEREFS="FONT0"/>
            <SP HEIGHT="56" WIDTH="27" VPOS="2085" HPOS="1045"/>
            <String HEIGHT="56" WIDTH="134" VPOS="2085" HPOS="965" CONTENT="—" ID="r1l24_6" STYLEREFS="FONT0"/>
            <SP HEIGHT="56" WIDTH="27" VPOS="2085" HPOS="1098"/>
            <String HEIGHT="56" WIDTH="187" VPOS="2085" HPOS="1018" CONTENT="47," ID="r1l24_7" STYLEREFS="FONT0"/>
            <SP HEIGHT="56" WIDTH="27" VPOS="2085" HPOS="1205"/>
            <String HEIGHT="56" WIDTH="187" VPOS="2085" HPOS="1125" CONTENT="rue" ID="r1l24_8" STYLEREFS="FONT0"/>
            <SP HEIGHT="56" WIDTH="27" VPOS="2085" HPOS="1312"/>
            <String HEIGHT="56" WIDTH="268" VPOS="2085" HPOS="1205" CONTENT="Viardin," ID="r1l24_9" STYLEREFS="FONT0"/>
          </TextLine>
          <TextLine ID="r1l25" BASELINE="2202" HEIGHT="50" WIDTH="174" VPOS="2152" HPOS="314">
            <String HEIGHT="50" WIDTH="224" VPOS="2152" HPOS="264" CONTENT="Troyes." ID="r1l25_1" STYLEREFS="FONT0"/>
          </TextLine>
          <TextLine ID="r1l26" BASELINE="2330" HEIGHT="50" WIDTH="650" VPOS="2280" HPOS="394">
            <String HEIGHT="50" WIDTH="295" VPOS="2280" HPOS="374" CONTENT="1096" ID="r1l26_1" STYLEREFS="FONT1"/>
            <SP HEIGHT="50" WIDTH="20" VPOS="2280" HPOS="670"/>
            <String HEIGHT="50" WIDTH="118" VPOS="2280" HPOS="611" CONTENT="Le" ID="r1l26_2" STYLEREFS="FONT0"/>
            <SP HEIGHT="50" WIDTH="20" VPOS="2280" HPOS="729"/>
            <String HEIGHT="50" WIDTH="197" VPOS="2280" HPOS="670" CONTENT="chemin" ID="r1l26_3" STYLEREFS="FONT0"/>
            <SP HEIGHT="50" WIDTH="20" VPOS="2280" HPOS="867"/>
            <String HEIGHT="50" WIDTH="118" VPOS="2280" HPOS="808" CONTENT="du" ID="r1l26_4" STYLEREFS="FONT0"/>
            <SP HEIGHT="50" WIDTH="20" VPOS="2280" HPOS="926"/>
            <String HEIGHT="50" WIDTH="197" VPOS="2280" HPOS="847" CONTENT="village." ID="r1l26_5" STYLEREFS="FONT0"/>
          </TextLine>
          <TextLine ID="r1l27" BASELINE="2390" HEIGHT="50" WIDTH="410" VPOS="2340" HPOS="395">
            <String HEIGHT="50" WIDTH="280" VPOS="2340" HPOS="376" CONTENT="1097" ID="r1l27_1" STYLEREFS="FONT1"/>
            <SP HEIGHT="50" WIDTH="19" VPOS="2340" HPOS="656"/>
            <String HEIGHT="50" WIDTH="112" VPOS="2340" HPOS="600" CONTENT="La" ID="r1l27_2" STYLEREFS="FONT0"/>
            <SP HEIGHT="50" WIDTH="19" VPOS="2340" HPOS="712"/>
            <String HEIGHT="50" WIDTH="168" VPOS="2340" HPOS="637" CONTENT="plaine." ID="r1l27_3" STYLEREFS="FONT0"/>
          </TextLine>
          <TextLine ID="r1l28" BASELINE="2450" HEIGHT="53" WIDTH="591" VPOS="2397" HPOS="392">
            <String HEIGHT="53" WIDTH="296" VPOS="2397" HPOS="372" CONTENT="1098" ID="r1l28_1" STYLEREFS="FONT1"/>
            <SP HEIGHT="53" WIDTH="20" VPOS="2397" HPOS="668"/>
            <String HEIGHT="53" WIDTH="217" VPOS="2397" HPOS="609" CONTENT="Coucher" ID="r1l28_2" STYLEREFS="FONT0"/>
            <SP HEIGHT="53" WIDTH="20" VPOS="2397" HPOS="825"/>
            <String HEIGHT="53" WIDTH="118" VPOS="2397" HPOS="766" CONTENT="de" ID="r1l28_3" STYLEREFS="FONT0"/>
            <SP HEIGHT="53" WIDTH="20" VPOS="2397" HPOS="885"/>
            <String HEIGHT="53" WIDTH="177" VPOS="2397" HPOS="806" CONTENT="soleil." ID="r1l28_4" STYLEREFS="FONT0"/>
          </TextLine>
        </TextBlock>
      </PrintSpace>
    </Page>
  </Layout>
</alto>
