1894 2991
1003 387 186 56 170
1083 387 80 56 —

439 514 312 48 LAPIERRE
673 514 312 48 (Emile),
907 514 156 48 né
985 514 130 48 à
1037 514 234 48 Cette
1193 514 364 48 (Hérault).
1479 514 130 48 —
1505 514 182 48 Villa

492 576 191 44 «Le
601 576 245 44 Petit
764 576 327 44 Cap-Brun
1010 576 164 44 »,
1091 576 164 44 au
1173 576 354 44 Cap-Brun,
1446 576 136 44 à
1473 576 218 44 Toulon

457 635 205 48 (Var).

576 761 321 50 1755
832 761 128 50 La
897 761 150 50 mer
982 761 128 50 et
1046 761 150 50 les
1132 761 193 50 dunes
1261 761 128 50 au
1325 761 171 50 Grau
1432 761 128 50 du
1475 761 128 50 Roi.

572 823 317 49 1756
825 823 232 49 Paysage
995 823 127 49 du
1058 823 148 49 Var
1121 823 254 49 (automne).

581 883 299 47 1757
821 883 180 47 Etude
940 883 120 47 de
980 883 160 47 roses.

445 1089 300 49 LAPORTE
663 1089 355 49 (Victor),
936 1089 164 49 né
1017 1089 136 49 à
1072 1089 273 49 Paris.
1263 1089 136 49 —
1317 1089 218 49 144,
1454 1089 191 49 rue
1536 1089 136 49 Le-

488 1153 240 52 courbe,
641 1153 131 52 15e.

580 1281 290 48 1758
811 1281 116 48 Au
850 1281 135 48 bois.

582 1341 278 47 1759
804 1341 111 47 Au
841 1341 130 47 bois.

581 1399 297 52 1760
799 1399 258 52 Saint

442 1606 370 48 LAPPARENT
726 1606 256 48 (Paul
897 1606 228 48 de),
1039 1606 171 48 né
1124 1606 142 48 à
1181 1606 284 48 Paris.
1380 1606 142 48 —
1437 1606 199 48 21,
1522 1606 171 48 quai

488 1669 143 49 de
560 1669 286 49 Bourbon,
751 1669 119 49 4e.

586 1793 301 51 1761
827 1793 281 51 Crépuscule
1048 1793 141 51 sur
1128 1793 121 51 la
1168 1793 161 51 Seine.

584 1856 301 48 1762
825 1856 221 48 Bateaux
985 1856 100 48 à
1025 1856 120 48 la
1086 1856 261 48 Croisette
1266 1856 221 48 (Cannes).

580 1916 325 47 1763
840 1916 195 47 Chien
970 1916 130 47 de
1014 1916 173 47 temps!

442 2115 300 50 LAPRADE
660 2115 354 50 (Pierre),
933 2115 164 50 né
1014 2115 136 50 à
1069 2115 354 50 Narbonne.
1342 2115 136 50 —
1396 2115 191 50 89,
1505 2115 191 50 rue
1587 2115 109 50 du

503 2179 380 47 Cherche-Midi,
816 2179 157 47 6e,
905 2179 134 47 et
972 2179 179 47 chez
1084 2179 224 47 Druet,
1241 2179 157 47 20,
1330 2179 157 47 rue
1420 2179 246 47 Royale,
1576 2179 112 47 8e.

592 2308 269 50 1764
789 2308 144 50 Etude.

586 2368 298 50 1765
825 2368 199 50 Nature
944 2368 159 50 morte.

593 2429 296 50 1766
830 2429 198 50 Nature
949 2429 158 50 morte.
