1928 2991
885 385 126 49 175.

328 503 352 49 LÉGUILLON
599 503 298 49 (Paul),
816 503 163 49 né
897 503 135 49 à
951 503 271 49 Paris.
1141 503 135 49 —
1195 503 190 49 90,
1276 503 298 49 boulevard

371 567 258 49 Pereire,
544 567 129 49 17e.

474 690 293 53 1810
709 690 137 53 Les
787 690 234 53 collines
963 690 117 53 le
1021 690 156 53 soir
1099 690 254 53 (Dordogne).

471 752 309 50 1811
719 752 124 50 Le
781 752 206 50 soleil
925 752 144 50 sur
1007 752 124 50 la
1069 752 247 50 fontaine
1234 752 268 50 (Dordogne).

466 812 303 53 1812
708 812 161 53 Soir
809 812 182 53 d’été
910 812 262 53 (Dordogne).

332 1042 247 47 LEHRE
496 1042 330 47 (Wanda),
743 1042 192 47 née
853 1042 137 47 à
908 1042 302 47 Dantzig
1101 1042 384 47 (Allemagne).

376 1105 142 47 2,
447 1105 260 47 passage
636 1105 142 47 de
707 1105 284 47 Dantzig,
896 1105 142 47 15e.

466 1256 287 49 1813
695 1256 268 49 L’héritier
906 1256 115 49 du
944 1256 172 49 glaive.

460 1311 304 51 1814
703 1311 122 51 Au
764 1311 162 51 fond
865 1311 122 51 du
926 1311 182 51 vieux
1027 1311 182 51 jardin.

464 1371 308 51 1815
711 1371 144 51 Roi
793 1371 288 51 grenouille
1020 1371 247 51 amoureux
1184 1371 288 51 (aquarelle).

324 1577 162 50 LE
405 1577 298 50 LIEPVRE
622 1577 325 50 (Jehan),
865 1577 162 50 né
946 1577 135 50 à
1001 1577 433 50 Valenciennes
1325 1577 244 50 (Nord).

451 1642 171 55 59,
548 1642 245 55 avenue
720 1642 147 55 de
793 1642 220 55 Saxe,
916 1642 122 55 7e.

475 1768 297 49 1816
713 1768 416 49 Angles-sur-Auglin
1049 1768 218 49 (Poitou).

468 1828 305 48 1817
712 1828 122 48 La
773 1828 183 48 Loire
895 1828 122 48 en
935 1828 163 48 Anjou.

466 1887 332 51 1818
732 1887 133 51 Le
798 1887 155 51 val
887 1887 133 51 de
953 1887 288 51 Monteneau
1152 1887 244 51 (Poitou).

331 2108 297 53 LEJEUNE
547 2108 513 53 (Henri-Pierre),
979 2108 162 53 né
1060 2108 135 53 à
1114 2108 378 53 Saint-Ouen
1384 2108 189 53 (Sei-

379 2172 188 54 ne).
496 2172 117 54 —
543 2172 164 54 54,
637 2172 164 54 rue
731 2172 329 54 Lamartine,
966 2172 117 54 9e.

475 2300 311 52 1819
724 2300 228 52 Nymphes
890 2300 124 52 et
952 2300 207 52 faunes
1097 2300 228 52 (projet
1242 2300 269 52 décoratif).

471 2360 318 53 1820
725 2360 212 53 Pointe
873 2360 127 53 de
937 2360 254 53 Kergroix
1107 2360 275 53 (Quiberon).

469 2419 321 56 1821
725 2419 235 56 Rochers
897 2419 128 56 de
961 2419 300 56 Port-Blanc
1175 2419 278 56 (Quiberon).
