1894 2991
1040 409 127 50 18
1082 409 64 50 —

451 534 375 46 ANGEBEAUX
739 534 259 46 (E.),
912 534 173 46 né
999 534 144 46 à
1056 534 346 46 Paimbœuf
1287 534 403 46 (Loire-

495 596 274 46 rieure).
701 596 114 46 —
747 596 160 46 89,
838 596 160 46 rue
929 596 297 46 Fazillau,
1158 596 114 46 à
1204 596 297 46 Levallois
1409 596 229 46 (Seine).

596 722 261 48 72
797 722 281 48 Saint-Marc
1018 722 201 48 (temps
1158 722 120 48 de
1198 722 181 48 pluie).

589 781 249 47 73
780 781 115 47 Un
838 781 153 47 coin
934 781 134 47 des
991 781 230 47 Tuileries.

593 842 243 47 74
780 842 187 47 Nature
892 842 150 47 morte.

478 1044 319 47 ANGRANB
710 1044 406 47 (Charles).
1029 1044 145 47 —
1087 1044 203 47 48,
1202 1044 232 47 cité
1347 1044 174 47 de
1434 1044 290 47 Limes,
1608 1044 87 47 à

472 1103 234 47 Dieppe.

592 1235 218 42 75
760 1235 100 42 Au
793 1235 134 42 puits.

558 1289 292 55 *76
787 1289 146 55 Sur
871 1289 125 55 le
933 1289 187 55 seuil
1058 1289 312 55 (appartient
1308 1289 125 55 au
1371 1289 125 55 Dr
1433 1289 167 55 Aug.
1516 1289 167 55 Vigou

738 1351 180 45 roux).

593 1412 249 46 77
784 1412 115 46 Le
842 1412 172 46 chien
937 1412 230 46 maraudeur.

450 1625 384 48 ANITCHKOF
746 1625 473 48 (Alexandre),
1130 1625 177 48 né
1219 1625 148 48 à
1249 1625 443 48 Saint-

498 1683 237 53 bourg.
664 1683 118 53 —
711 1683 166 53 59,
806 1683 166 53 rue
901 1683 166 53 des
995 1683 402 53 Saints-Pères,
1303 1683 118 53 6e.

599 1815 253 44 78
793 1815 253 44 Septembre
987 1815 175 44 (nord
1104 1815 117 44 de
1162 1815 117 44 la
1201 1815 194 44 Russie).

598 1874 266 46 79
802 1874 266 46 Semailles
1007 1874 266 46 d’automne
1211 1874 184 46 (Nord
1334 1874 123 46 de
1395 1874 123 46 la
1436 1874 205 46 Russie).

590 1936 268 46 80
796 1936 227 46 Octobre
961 1936 206 46 humide
1105 1936 185 46 (Nord
1229 1936 124 46 de
1291 1936 124 46 la
1332 1936 206 46 Russie).

453 2145 365 46 ANNENCOFF
734 2145 393 46 (Georges),
1042 2145 168 46 né
1127 2145 168 46 au
1211 2145 393 46 Kamtchatka
1492 2145 196 46 (Bus-

504 2206 214 49 sie).
647 2206 119 49 —
694 2206 142 49 9,
765 2206 166 49 rue
860 2206 522 49 Campagne-Première,
1288 2206 142 49 14e.

564 2324 249 54 *81
742 2324 178 54 Paysage.

593 2393 249 48 82
785 2393 230 48 Esquisse
957 2393 154 48 d’un
1053 2393 134 48 mur
1111 2393 211 48 d’église.

583 2457 259 44 83
782 2457 120 44 La
842 2457 159 44 fête
942 2457 120 44 de
1002 2457 120 44 la
1061 2457 199 44 Vierge
1181 2457 219 44 (détail).
