1928 2991
846 388 113 53 237.

271 505 289 56 POTTIER
481 505 341 56 (Gaston),
743 505 158 56 né
822 505 131 56 à
875 505 263 56 Paris.
1058 505 131 56 —
1111 505 236 56 Villa
1242 505 289 56 Ker

332 576 240 48 Ploaré
476 576 336 48 (Finistère).

423 687 312 68 2477
672 687 187 68 Côtes
797 687 145 68 des
880 687 270 68 environs,
1088 687 145 68 Cap
1171 687 125 68 de
1233 687 125 68 la
1296 687 187 68 Chau,
1399 687 125 68 tem

633 760 137 48 pête.

415 813 323 61 2478
674 813 194 61 Plage
803 813 129 61 de
868 813 194 61 Trez,
976 813 237 61 Maloenne.

418 873 326 60 2479
679 873 152 60 Vue
766 873 130 60 du
831 873 174 60 Ryz.
939 873 174 60 Gros
1026 873 174 60 temps.

292 1051 318 63 POULAIN
523 1051 375 63 (Edmond),
812 1051 173 63 né
898 1051 144 63 à
956 1051 318 63 Bobogny
1158 1051 289 63 (Seine).

329 1127 170 58 35,
426 1127 170 58 rue
523 1127 243 58 Linné,
669 1127 121 58 5e.

422 1242 305 62 2480
665 1242 203 62 Vallée
807 1242 122 62 de
868 1242 122 62 la
929 1242 203 62 Seine.
1051 1242 264 62 Crépuscule.

423 1299 305 64 2481
667 1299 122 64 Le
727 1299 163 64 soir
829 1299 122 64 au
890 1299 163 64 pont
992 1299 122 64 de
1053 1299 122 64 la
1093 1299 244 64 Tournelle.

430 1359 307 66 2482
675 1359 184 66 Effet
798 1359 123 66 de
859 1359 164 66 lune
961 1359 102 66 à
1002 1359 266 66 Lascelles
1186 1359 225 66 (Cantal).

1115 1544 154 59 —
1177 1544 339 59 Eragny,
1393 1544 154 59 par

290 1556 272 53 POZIER
480 1556 408 53 (Jacinthe),
807 1556 163 53 né
888 1556 136 53 à
915 1556 218 53 Paris.

352 1623 259 47 Gisors
507 1623 233 47 (Eure).

435 1733 317 70 2483
689 1733 211 70 Soleil
836 1733 127 70 du
900 1733 190 70 matin
1027 1733 190 70 (Bois
1154 1733 127 70 du
1217 1733 233 70 Castel,
1365 1733 169 70 Pont

642 1807 201 43 Aven).

449 1856 323 64 2484
707 1856 194 64 Après
836 1856 129 64 la
900 1856 194 64 pluie
1029 1856 215 64 (Ferme
1180 1856 129 64 de
1244 1856 237 64 Kerhas,
1395 1856 151 64 Pont

648 1928 177 43 Aven).

313 2105 259 60 PRINCE
495 2105 597 60 (Georges-Alphonse),
1013 2105 156 60 né
1091 2105 130 60 à
1143 2105 259 60 Paris.
1325 2105 130 60 —
1376 2105 156 60 4,
1428 2105 130 60 rue

363 2177 281 48 Tardieu,
550 2177 140 48 18e.

461 2305 273 52 2485
661 2305 164 52 Pavots.

461 2365 272 52 2486
660 2365 145 52 Roses.

451 2417 291 60 2487
683 2417 194 60 Panier
819 2417 116 60 de
857 2417 194 60 cerises.
