1894 2991
1023 353 101 58 252

453 476 294 52 ROUGEOT
667 476 348 52 (Pierre),
935 476 160 52 né
1015 476 134 52 à
1068 476 267 52 Paris.
1255 476 134 52 —
1309 476 214 52 177,
1416 476 294 52 boulevard

504 541 268 48 Pereire,
682 541 134 48 17e.

583 670 327 50 2645
845 670 218 50 Nature
998 670 196 50 morte
1107 670 240 50 (pommes).

585 727 306 49 2646
829 727 204 49 Nature
972 727 183 49 morte
1094 727 245 49 (mouette
1277 727 122 49 et
1318 727 265 49 hortensia).

583 785 331 50 2647
848 785 199 50 Essai
980 785 287 50 décoratif
1201 785 176 50 pour
1311 785 309 50 tapisserie
1553 785 243 50 (Retour
1708 785 66 50 —

808 847 131 49 du
852 847 153 49 bal).

451 1072 393 63 ROUMÉGUÈRE
760 1072 337 63 (J.-L.),
1013 1072 169 63 né
1097 1072 140 63 à
1153 1072 225 63 Auch
1294 1072 309 63 (Gers).
1518 1072 140 63 —
1547 1072 140 63 66,

497 1137 232 64 avenue
659 1137 162 64 des
752 1137 301 64 Gobelins,
960 1137 139 64 13e.

574 1276 318 65 2648
828 1276 212 65 Gammes
977 1276 127 65 du
1019 1276 170 65 matin.

443 1518 372 52 ROUQUAYROL
736 1518 372 52 (Georges),
1029 1518 160 52 né
1108 1518 133 52 à
1162 1518 426 52 Villefranche
1481 1518 186 52 (Rhô-

481 1583 190 48 ne).
600 1583 119 48 —
648 1583 143 48 36
719 1583 190 48 ter,
838 1583 167 48 rue
933 1583 143 48 de
1005 1583 143 48 la
1076 1583 476 48 Tour-d’Auvergne,
1457 1583 119 48 9e.

581 1723 289 50 2649
812 1723 116 50 Au
870 1723 212 50 théâtre
1005 1723 193 50 (loges).

587 1779 288 55 2650
817 1779 115 55 Au
875 1779 211 55 théâtre
1009 1779 250 55 (galeries).

570 1839 308 54 2651
817 1839 267 54 Bourgeois
1022 1839 103 54 à
1063 1839 123 54 la
1104 1839 246 54 brasserie.

449 2075 235 51 ROURE
606 2075 523 51 (Auguste-Louis),
1050 2075 157 51 né
1129 2075 131 51 à
1181 2075 314 51 Avignon.
1416 2075 131 51 —
1469 2075 183 51 12,
1547 2075 131 51 rue

483 2136 145 50 du
555 2136 435 50 Petit-Paradis,
918 2136 121 50 à
966 2136 266 50 Avignon
1135 2136 314 50 (Vaucluse).

578 2272 312 51 2652
828 2272 229 51 Paysage
995 2272 125 51 de
1057 2272 250 51 Provence
1224 2272 208 51 (matin).

570 2332 307 53 2653
815 2332 225 53 Paysage
979 2332 123 53 de
1041 2332 246 53 Provence
1205 2332 184 53 (soir).

569 2392 315 50 2654
821 2392 231 50 Paysage
989 2392 126 50 du
1053 2392 252 50 Provence
1221 2392 210 50 (matin).
