1928 2991
799 380 152 49 35

228 497 295 59 BENÉZIT
443 497 616 59 (Emmanuel-Charles),
979 497 161 59 né
1059 497 134 59 à
1113 497 268 59 Paris.
1300 497 134 59 —
1327 497 134 59 11,

281 568 161 49 rue
373 568 391 49 Daniel-Stern,
672 568 138 49 15e.

369 681 280 52 255
589 681 120 52 Le
649 681 160 52 pont
749 681 180 52 Royal
849 681 200 52 (Paris).

365 739 285 54 256
589 739 122 54 Le
650 739 163 54 pont
752 739 183 54 Marie
853 739 204 54 (Paris).

380 796 276 58 257
597 796 118 58 Le
656 796 197 58 moulin
794 796 157 58 dans
892 796 138 58 les
971 796 157 58 blés
1049 796 276 58 (Itancourt),

223 1028 504 53 BÉNONI-AURAN,
638 1028 178 53 né
727 1028 148 53 à
786 1028 326 53 Monteux
994 1028 385 53 (Vaucluse),

298 1093 166 48 12,
393 1093 166 48 rue
488 1093 142 48 du
559 1093 498 48 Moulin-de-Beurre,
963 1093 142 48 14e.

345 1213 338 55 *258
616 1213 293 55 Resurrexi
841 1213 135 55 et
909 1213 203 55 adhuc
1044 1213 203 55 Tecum
1179 1213 180 55 Sumn
1269 1213 203 55 (appar-

588 1275 204 49 tient
725 1275 136 49 au
793 1275 204 49 baron
929 1275 204 49 Just,
1065 1275 136 49 de
1111 1275 227 49 Bernon).

374 1341 240 52 259
545 1341 154 52 Fleurs.

373 1398 260 54 260
577 1398 204 54 Tableau
707 1398 204 54 (figure).

238 1629 334 51 BERGEVIN
489 1629 362 51 (Albert),
768 1629 167 51 né
851 1629 139 51 à
907 1629 390 51 Avranches.
1213 1629 139 51 —
1269 1629 195 51 35,
1353 1629 139 51 rue

294 1688 286 52 Capron,
502 1688 260 52 Paris,
684 1688 156 52 et
762 1688 338 52 Avranches
995 1688 286 52 (Manche).

386 1818 267 52 261
596 1818 114 52 Le
653 1818 191 52 cirque
786 1818 133 52 sur
862 1818 114 52 la
901 1818 152 52 place.

380 1878 270 53 262
592 1878 116 53 La
650 1878 135 53 rue
727 1878 97 53 à
746 1878 232 53 l’ivrogne.

383 1930 285 62 263
606 1930 264 62 Clownerie
810 1930 285 62 (aquarelle
1034 1930 163 62 deux
1115 1930 244 62 feuilles).

233 2164 259 57 BERGON
414 2164 569 57 (François-Marius),
906 2164 155 57 né
983 2164 129 57 à
1035 2164 310 57 Narbonne
1242 2164 233 57 (Aude).

356 2230 162 51 29,
448 2230 162 51 rue
541 2230 162 51 des
633 2230 462 51 Petites-Ecuries,
1003 2230 139 51 10e.

382 2356 313 56 264
627 2356 201 56 Femme
761 2356 112 56 à
806 2356 134 56 la
850 2356 179 56 pomme.

387 2412 284 61 265
610 2412 162 61 Tête
711 2412 223 61 d’homme
874 2412 223 61 (dessin
1016 2412 243 61 sanguine).
