1928 2991
269 502 367 47 COUSTURIER
557 502 210 47 (Mme
689 502 394 47 Henriette),
1003 502 184 47 née
1108 502 131 47 à
1161 502 236 47 Dijon
1292 502 210 47 (Côte-

350 559 44 49 d’Or).
380 559 22 49 —
389 559 31 49 11,
407 559 57 49 boulevard
451 559 26 49 de
459 559 40 49 Clichy.

539 691 216 43 716
709 691 108 43 Des
770 691 155 43 fleurs
863 691 201 43 (peinture).

415 751 287 45 717
641 751 185 45 Santa
764 751 185 45 Maria
888 751 144 45 dei
970 751 185 45 Servi
1093 751 267 45 (Sienne),
1278 751 246 45 aquarelle.

419 811 262 44 718
625 811 93 44 A
662 811 206 44 Fiesole
793 811 262 44 (aquarelle).

285 1039 356 52 COUTURIER
558 1039 356 52 (Claude),
832 1039 164 52 né
915 1039 137 52 à
969 1039 274 52 Paris.
1161 1039 137 52 —
1216 1039 192 52 33,
1325 1039 192 52 rue
1407 1039 110 52 de

325 1099 346 50 Longchamp,
572 1099 494 50 Neuilly

407 1229 298 49 719
641 1229 128 49 La
705 1229 256 49 Roseraie
896 1229 128 49 du
960 1229 192 49 faune
1088 1229 192 49 (coin
1216 1229 128 49 de
1280 1229 170 49 parc
1365 1229 149 49 aban

563 1285 195 48 donné).

408 1347 281 46 720
629 1347 201 46 Fleurs
769 1347 120 46 de
809 1347 141 46 Nice.

405 1407 282 47 721
626 1407 121 47 Au
687 1407 161 47 bois
787 1407 121 47 de
828 1407 221 47 Boulogne.

287 1634 224 55 CREED
436 1634 348 55 (Ninette),
709 1634 174 55 née
809 1634 124 55 à
858 1634 248 55 Paris.
1032 1634 124 55 —
1082 1634 149 55 1,
1156 1634 248 55 avenue
1305 1634 199 55 Jules-

331 1697 218 46 Janin,
462 1697 131 46 16e.

410 1828 269 44 722
621 1828 173 44 Etude
736 1828 115 44 de
774 1828 173 44 fleurs.

414 1886 261 46 723
619 1886 168 46 Etude
731 1886 112 46 de
769 1886 130 46 tête.

419 1945 230 47 724
583 1945 82 47 Nu.

278 2163 200 56 CSAKY
411 2163 355 56 (Joseph-A.),
700 2163 133 56 né
766 2163 133 56 en
833 2163 266 56 Hongrie.
1033 2163 111 56 —
1077 2163 111 56 3
1121 2163 333 56 bis
1366 2163 155 56 place

329 2222 135 52 de
397 2222 135 52 la
465 2222 293 52 Sorbonne,
667 2222 113 52 6e.

416 2356 291 47 725
645 2356 208 47 Groupe
790 2356 125 47 de
853 2356 208 47 femmes
977 2356 229 47 (plâtre).

419 2415 278 48 726
638 2415 159 48 Tête
737 2415 119 48 de
796 2415 179 48 femme
896 2415 218 48 (plâtre).
