1912 2915
759 295 130 70 —
811 295 156 70 11
863 295 78 70 —

421 359 128 76 grand
506 359 156 76 royaume
620 359 71 76 à
648 359 99 76 son
705 359 128 76 fils,
790 359 114 76 vous
861 359 142 76 voyés,
961 359 128 76 chère
1046 359 128 76 sœur,
1131 359 99 76 que
1188 359 128 76 voilà
1259 359 128 76 matière

417 392 70 49 à
445 392 84 49 de
487 392 140 49 belles
571 392 225 49 narrations...»

416 422 108 71 21587
488 422 145 71 MALPIGHI
597 422 157 71 (Marcel),
717 422 145 71 illustre
826 422 169 71 anatomiste
958 422 145 71 italien.
1067 422 108 71 L.
1139 422 121 71 s,
1223 422 96 71 avec
1284 422 72 71 la
1308 422 84 71 sous-

418 467 126 57 cript.
507 467 114 57 aut.;
583 467 114 57 Rome,
659 467 76 57 26
696 467 101 57 déc.
760 467 114 57 1693,
835 467 63 57 1
861 467 76 57 p.
899 467 139 57 in-fol.
1000 467 63 57 4
1012 467 51 57 50

417 497 123 68 21588
499 497 136 68 MANUEL
594 497 177 68 (Pierre),
731 497 231 68 conventionnel
921 497 82 68 et
962 497 177 68 procureur
1098 497 82 68 de
1139 497 82 68 la
1180 497 150 68 Commune
1289 497 82 68 de
1316 497 68 68 Pa-

413 539 110 58 ris,
482 539 138 58 fameux
579 539 97 58 par
634 539 83 58 sa
675 539 124 58 haine
758 539 138 58 contre
855 539 97 58 les
910 539 152 58 prêtres
1020 539 83 58 et
1062 539 83 58 la
1103 539 166 58 royauté,
1227 539 166 58 décapité
1338 539 55 58 en

418 562 100 77 1793.
485 562 100 77 L.
551 562 111 77 a
629 562 67 77 s.
663 562 56 77 à
685 562 78 77 MM.
729 562 89 77 ...;
785 562 56 77 6
807 562 100 77 janv.
874 562 100 77 1793,
941 562 56 77 1
963 562 67 77 p.
997 562 100 77 in-4.
1063 562 56 77 7
1074 562 45 77 50

435 596 164 77 Curieuse
559 596 137 77 épître
655 596 96 77 sur
709 596 82 77 un
751 596 151 77 libelle
860 596 82 77 du
901 596 123 77 sieur
984 596 137 77 Weber,
1079 596 96 77 qui
1134 596 123 77 vient
1217 596 137 77 d’être
1299 596 82 77 con-

407 640 130 65 damné
493 640 101 65 par
551 640 87 65 le
595 640 174 65 tribunal
725 640 87 65 de
769 640 159 65 police.
885 640 130 65 «Rien
971 640 87 65 de
1015 640 116 65 plus
1087 640 159 65 funeste
1203 640 101 65 que
1261 640 101 65 des
1305 640 72 65 li-

409 672 129 69 belles
499 672 116 69 comme
576 672 90 69 les
628 672 193 69 Etrennes
782 672 90 69 aux
833 672 231 69 grisettes
1026 672 103 69 J’ai
1090 672 77 69 vu
1129 672 90 69 des
1180 672 116 69 mères
1245 672 141 69 inquiètes

414 705 143 66 pleurer
518 705 91 66 sur
570 705 170 66 l’honneur
701 705 78 66 de
740 705 117 66 leurs
818 705 130 66 filles
910 705 156 66 qu’elles
1027 705 117 66 n’ont
1105 705 170 66 peut-être
1236 705 91 66 pas
1275 705 104 66 mérité

407 740 83 61 de
449 740 180 61 perdre...
587 740 111 61 Nous
657 740 111 61 nous
726 740 166 61 flattons
851 740 97 61 que
906 740 111 61 vous
976 740 153 61 voudrez
1087 740 111 61 bien
1156 740 180 61 continuer
1281 740 97 61 votre

407 766 220 77 surveillance
586 766 96 77 sur
641 766 82 77 ce
682 766 220 77 Palais-Royal
860 766 82 77 où
902 766 82 77 se
943 766 165 77 trouvent
1066 766 137 77 toutes
1162 766 96 77 les
1217 766 151 77 ordures
1313 766 69 77 des

399 795 167 52 mauvais
505 795 182 52 génies...»

408 835 121 70 21589
488 835 148 70 MARCEAU
596 835 108 70 (Fr.
664 835 148 70 Séverin
772 835 229 70 DESGRAVIERS),
961 835 162 70 illustre
1082 835 148 70 général
1190 835 81 70 en
1231 835 121 70 chef,
1298 835 81 70 mort

408 878 222 59 glorieusement
591 878 78 59 au
630 878 131 59 combat
722 878 235 59 d’Altenkirchen
918 878 78 59 en
957 878 118 59 1796.
1035 878 118 59 L.
1114 878 131 59 a
1205 878 78 59 s.
1244 878 65 59 à
1257 878 118 59 Kléber:

411 911 285 59 juartier-général
653 911 86 59 de
696 911 185 59 Coblentz,
838 911 86 59 27
881 911 214 59 vendémiaire
1052 911 86 59 an
1095 911 100 59 IV,
1152 911 100 59 1/2
1209 911 86 59 p.
1237 911 143 59 in

411 936 73 56 vig.
456 936 55 56 et
484 936 73 56 tête
529 936 82 56 impr.
584 936 146 56 Rare
702 936 55 56 20
721 936 27 56 »

433 979 79 54 Il
472 979 79 54 le
512 979 159 54 prévient
631 979 93 54 que
684 979 159 54 l’ennemi
804 979 106 54 fera
870 979 93 54 ses
923 979 146 54 efforts
1029 979 106 54 pour
1095 979 172 54 reprendre
1227 979 132 54 l’île.
1307 979 66 54 «Je

394 994 134 75 crois
484 994 119 75 même
558 994 104 75 que
618 994 119 75 dans
693 994 90 75 ce
737 994 149 75 moment
842 994 90 75 il
887 994 194 75 l’attaque
1036 994 284 75 vigoureusement:
1260 994 119 75 fais

405 1047 141 50 oorter
504 1047 85 50 du
546 1047 169 50 secours,
673 1047 113 50 sans
743 1047 113 50 quoi
814 1047 113 50 nous
884 1047 85 50 la
913 1047 197 50 perdrons...»

903 1087 52 51 21590
938 1087 52 51 MARIA
972 1087 69 51 (Donna),
1024 1087 52 51 reine
1058 1087 34 51 de
1076 1087 75 51 Portugal,
1133 1087 46 51 dont
1162 1087 34 51 le
1179 1087 52 51 règne
1213 1087 40 51 fut
1236 1087 46 51 fort
1265 1087 57 51 agité.
1305 1087 52 51 L.
1334 1087 46 51 a

644 1126 78 52 s.,
689 1126 67 52 en
722 1126 145 52 français;
834 1126 123 52 Cintra,
923 1126 67 52 28
957 1126 101 52 sept.
1024 1126 101 52 1839,
1091 1126 56 52 1
1113 1126 67 52 p.
1147 1126 78 52 3/4
1191 1126 101 52 in-8.
1247 1126 123 52 Charmante

406 1144 57 40 épître.
442 1144 57 40 6»

401 1181 108 61 21591
473 1181 204 61 MARIE-AMÉLIE,
641 1181 108 61 reine
712 1181 84 61 des
760 1181 156 61 Français.
880 1181 72 61 1°
916 1181 108 61 L.
988 1181 132 61 a.
1084 1181 156 61 paraphée;
1203 1181 132 61 Neuilly
1287 1181 84 61 1825,

403 1216 92 59 1/2
456 1216 79 59 p.
495 1216 119 59 in-8.
574 1216 66 59 —
601 1216 79 59 20
640 1216 158 59 Loges
759 1216 79 59 du
798 1216 158 59 ro,
917 1216 119 59 pièce
996 1216 158 59 imprimée
1115 1216 171 59 contenant
1246 1216 79 59 la
1273 1216 92 59 dési-

396 1252 154 55 gnation
508 1252 98 55 des
564 1252 196 55 spectacles
718 1252 84 55 de
760 1252 126 55 Paris
844 1252 112 55 pour
915 1252 84 55 le
957 1252 84 55 29
999 1252 126 55 avril
1083 1252 126 55 1838,
1167 1252 112 55 avec
1223 1252 140 55 l’indica

390 1290 112 55 tion
460 1290 84 55 de
502 1290 84 55 la
544 1290 112 55 main
614 1290 84 55 de
656 1290 84 55 la
698 1290 126 55 reine
782 1290 98 55 des
838 1290 182 55 personnes
979 1290 196 55 auxquelles
1133 1290 112 55 elle
1203 1290 154 55 accorde
1301 1290 70 55 les

397 1314 112 58 loges
471 1314 136 58 qu’elle
570 1314 74 58 ne
607 1314 112 58 garde
682 1314 99 58 pas,
744 1314 62 58 1
768 1314 74 58 p.
806 1314 112 58 in-4.
880 1314 62 58 3
892 1314 50 58 50

396 1355 115 57 21592
473 1355 269 57 MARIE-ANTOINETTE,
704 1355 115 57 reine
781 1355 90 57 des
832 1355 167 57 Français,
960 1355 167 57 décapitée
1088 1355 77 57 en
1127 1355 115 57 1793.
1203 1355 115 57 P.
1267 1355 103 57 s.

392 1389 106 60 avec
458 1389 80 60 le
498 1389 93 60 mot
551 1389 213 60 payez
724 1389 160 60 autogr.;
844 1389 200 60 Versailles,
1004 1389 80 60 31
1044 1389 106 60 déc.
1110 1389 120 60 1783,
1190 1389 67 60 1
1217 1389 80 60 p.
1243 1389 120 60 in

1276 1439 63 44 13
1297 1439 32 44 »

394 1447 114 72 21593
470 1447 228 72 MARIE-THÉRÈSE,
660 1447 190 72 impératrice
812 1447 202 72 d’Allemagne,
976 1447 101 72 dite
1039 1447 114 72 la
1115 1447 190 72 Grande
1267 1447 101 72 mère
1317 1447 51 72 de

386 1494 307 61 Marie-Antoinette.
650 1494 88 61 L.
693 1494 88 61 s.
737 1494 88 61 au
781 1494 146 61 prince
884 1494 161 61 Nadasd;
1000 1494 161 61 Vienne,
1117 1494 132 61 avril
1205 1494 132 61 1747,
1293 1494 73 61 4
1308 1494 58 61 p.

391 1528 130 52 in-fol.,
489 1528 141 52 enveloppe
598 1528 65 52 et
630 1528 120 52 cachet.
717 1528 120 52 Superbe
804 1528 109 52 pièce.
880 1528 65 52 12
902 1528 98 52 J»

392 1566 96 62 21594
456 1566 106 62 MARTIN
531 1566 128 62 (Henri),
626 1566 96 62 notre
690 1566 138 62 historien
796 1566 138 62 national.
903 1566 96 62 L.
967 1566 106 62 a
1041 1566 74 62 s.;
1084 1566 96 62 1866,
1147 1566 53 62 1
1169 1566 64 62 p.
1190 1566 53 62 pl.

387 1597 94 49 in-8.
449 1597 94 49 Jolie
512 1597 104 49 pièce.
585 1597 52 49 2
595 1597 42 49 25

389 1638 97 51 21595
454 1638 118 51 MASSÉNA
540 1638 129 51 (André),
637 1638 108 51 prince
712 1638 151 51 d’Essling,
830 1638 129 51 maréchal
927 1638 65 51 de
959 1638 118 51 France.
1045 1638 118 51 L.
1131 1638 118 51 a
1206 1638 54 51 s.

394 1671 59 52 in
424 1671 59 52 X,
453 1671 69 52 3/4
492 1671 59 52 de
522 1671 59 52 p.
551 1671 88 52 in-8.
610 1671 157 52 Rare
737 1671 49 52 3
747 1671 39 52 50

386 1710 123 59 21596
468 1710 178 59 MAUBREUIL
605 1710 96 59 (M.
660 1710 82 59 A.
701 1710 137 59 GUERRI
796 1710 109 59 de),
865 1710 137 59 fameux
961 1710 96 59 par
1015 1710 96 59 ses
1070 1710 150 59 démêlés
1179 1710 109 59 avce
1234 1710 123 59 Talley-

384 1752 107 48 rand.
456 1752 107 48 L.
527 1752 119 48 a
610 1752 71 48 s.
646 1752 60 48 à
670 1752 71 48 M.
706 1752 71 48 de
741 1752 143 48 Schonen;
848 1752 71 48 la
884 1752 202 48 Conciergerie,
1051 1752 71 48 27
1087 1752 95 48 août
1146 1752 107 48 1827.
1217 1752 60 48 3
1229 1752 48 48 p.

380 1775 53 50 pl.
411 1775 68 50 in-4.
456 1775 38 50 4
463 1775 53 50 »

694 1813 108 47 Curieuse
775 1813 99 47 épître.
847 1813 45 47 —
865 1813 99 47 Traduit
937 1813 90 47 devant
1001 1813 54 47 la
1028 1813 90 47 police
1091 1813 171 47 correctionnelle
1226 1813 54 47 pour

384 1847 119 47 avoir
463 1847 132 47 donné,
556 1847 79 47 en
595 1847 145 47 public,
701 1847 79 47 un
741 1847 159 47 soufflet
860 1847 66 47 à
886 1847 198 47 Talleyrand,
1045 1847 79 47 il
1085 1847 79 47 se
1124 1847 132 47 plaint
1217 1847 79 47 en
1243 1847 106 47 termes

381 1885 177 50 très-vifs
518 1885 96 50 des
572 1885 164 50 entraves
695 1885 123 50 mises
777 1885 68 50 à
804 1885 82 50 sa
832 1885 136 50 défense.

381 1920 123 54 21597
463 1920 123 54 MAURE
545 1920 123 54 aîné,
627 1920 137 54 député
723 1920 82 54 de
764 1920 150 54 l’Yonne
873 1920 68 54 à
900 1920 82 54 la
941 1920 205 54 Convention,
1105 1920 96 54 ami
1160 1920 82 54 de
1201 1920 137 54 Marat,
1283 1920 68 54 qui

384 1949 169 54 l’appelait
517 1949 121 54 son
601 1949 157 54 fils
721 1949 157 54 compromis
842 1949 96 54 dans
902 1949 217 54 l’insurrection
1083 1949 72 54 du
1119 1949 84 54 1er
1167 1949 145 54 prairial
1276 1949 72 54 an
1300 1949 60 54 III

372 1989 82 42 et
413 1989 95 42 qui
468 1989 82 42 se
509 1989 123 42 donna
590 1989 82 42 la
631 1989 109 42 mort
699 1989 109 42 pour
767 1989 136 42 éviter
863 1989 204 42 l’échafaud.
1026 1989 136 42 Arrêté
1121 1989 109 42 aut.
1190 1989 109 42 sig.
1258 1989 82 42 du
1285 1989 68 42 Co-

374 2026 102 44 mité
438 2026 76 44 de
476 2026 127 44 sûreté
565 2026 166 44 générale,
693 2026 102 44 sig.
757 2026 115 44 aussi
833 2026 89 44 par
884 2026 191 44 Méaulle,
1037 2026 153 44 Osselin,
1139 2026 204 44 Cavaignac

376 2052 197 55 Brival
539 2052 70 55 et
573 2052 209 55 Garnier
747 2052 81 55 (de
794 2052 151 55 Saintes);
910 2052 70 55 25
944 2052 104 55 avril
1014 2052 104 55 1793,
1083 2052 58 55 1
1107 2052 70 55 p.
1141 2052 104 55 in-4,
1211 2052 93 55 tête
1257 2052 93 55 impr.,

379 2083 80 46 cachet
435 2083 80 46 brisé.
490 2083 40 46 6
498 2083 64 46 «)

404 2120 121 58 Ordre
484 2120 81 58 de
524 2120 81 58 se
565 2120 201 58 transporter
726 2120 107 58 chez
793 2120 81 58 le
833 2120 148 58 citoyen
941 2120 161 58 Félisse,
1061 2120 94 58 rue
1115 2120 188 58 Beaubourg,
1249 2120 54 58 de

372 2157 180 49 s’assurer
511 2157 83 49 de
553 2157 83 49 sa
594 2157 167 49 personne
719 2157 83 49 et
761 2157 194 49 d’examiner
914 2157 97 49 ses
955 2157 139 49 papiers.

378 2193 95 57 21598
442 2193 84 57 MÉRY
494 2193 137 57 (Joseph),
599 2193 116 57 célèbre
684 2193 105 57 poëte.
757 2193 95 57 L.
820 2193 105 57 a
894 2193 63 57 s.
925 2193 53 57 à
947 2193 116 57 Carjat,
1031 2193 53 57 1
1052 2193 63 57 p.
1083 2193 95 57 in-8.
1146 2193 53 57 2
1157 2193 42 57 25

397 2228 117 61 Jolie
475 2228 143 61 lettre.
579 2228 117 61 «J’ai
657 2228 117 61 trois
735 2228 130 61 procès
826 2228 91 61 sur
878 2228 91 61 les
930 2228 117 61 bras,
1008 2228 143 61 dit-il,
1112 2228 78 61 et
1151 2228 78 61 je
1190 2228 143 61 n’écris
1281 2228 65 61 que

374 2268 93 52 des
427 2268 253 52 mémoires
640 2268 120 52 comme
706 2268 213 52 Beaumarchais.»

602 2310 84 44 21699
658 2310 112 44 MICHELET
742 2310 84 44 (J.),
798 2310 103 44 célèbre
873 2310 131 44 historien,
975 2310 93 44 membre
1041 2310 56 44 de
1069 2310 140 44 l’Institut.
1181 2310 84 44 L.
1237 2310 93 44 a
1302 2310 56 44 s.
1321 2310 28 44 à

375 2333 66 57 M.
408 2333 88 57 ...,
463 2333 55 57 2
485 2333 66 57 p.
518 2333 77 57 3/4
563 2333 99 57 in-8.
629 2333 55 57 3
640 2333 44 57 50

396 2363 89 62 Il
441 2363 89 62 le
485 2363 178 62 remercie
619 2363 89 62 du
664 2363 178 62 deuxième
797 2363 149 62 volume
901 2363 89 62 de
946 2363 104 62 son
1005 2363 208 62 importante
1154 2363 193 62 publication
