1912 2915
827 386 34 66 —
841 386 34 66 3
848 386 20 66 —

304 449 136 65 21473
395 449 136 65 BIRON
485 449 106 65 (A.
546 449 91 65 L.
591 449 181 65 GONTAUT,
727 449 106 65 duc
788 449 121 65 de),
863 449 166 65 général
984 449 91 65 en
1029 449 136 65 chef,
1120 449 181 65 décapité
1256 449 91 65 en
1286 449 91 65 1793

404 486 124 64 L.
487 486 83 64 a.
529 486 152 64 s.
639 486 124 64 comme
722 486 152 64 général
832 486 83 64 de
874 486 152 64 l’armée
984 486 83 64 du
1026 486 124 64 Rhin;
1109 486 207 64 Strasbourg,
1274 486 83 64 21
1302 486 83 64 août

410 516 110 60 1792,
483 516 86 60 3/4
532 516 74 60 de
569 516 74 60 p.
606 516 135 60 in-fol.
704 516 110 60 Belle
778 516 123 60 pièce.
864 516 61 60 4
876 516 37 60 »

401 555 118 70 21474
479 555 131 70 BODONI
571 555 92 70 (J.
623 555 105 70 B.),
689 555 78 70 un
728 555 92 70 des
780 555 105 70 plus
846 555 157 70 célèbres
963 555 196 70 typographes
1120 555 78 70 de
1160 555 157 70 l’Italie
1277 555 78 70 au
1304 555 78 70 dix-

402 590 126 56 huitième
496 590 116 56 siècle.
580 590 95 56 L.
643 590 63 56 a.
675 590 116 56 s.
759 590 74 56 1/2
801 590 63 56 p.
832 590 95 56 in-4.
895 590 53 56 3
906 590 32 56 »

402 629 122 65 21475
484 629 135 65 BOISSY
579 629 163 65 D’ANGLAS
701 629 95 65 (le
755 629 122 65 comte
836 629 95 65 Fr.
890 629 108 65 Ant.
958 629 108 65 de),
1026 629 135 65 membre
1121 629 81 65 et
1161 629 176 65 président
1297 629 81 65 de
1324 629 54 65 la

399 662 214 70 Convention,
570 662 157 70 célèbre
684 662 100 70 par
741 662 100 70 son
798 662 171 70 attitude
927 662 228 70 inébranlablé
1112 662 114 70 dans
1183 662 86 70 la
1226 662 157 70 journée
1326 662 57 70 du

399 694 88 68 1er
450 694 151 68 prairial
563 694 75 68 an
600 694 100 68 III,
663 694 125 68 membre
751 694 75 68 de
788 694 188 68 l’Institut.
939 694 113 68 L.
1014 694 75 68 a.
1052 694 138 68 s.
1152 694 113 68 comme
1215 694 163 68 commissaire

399 733 264 67 extraordinaire
620 733 118 67 dans
693 733 88 67 la
737 733 309 67 Loire-Inférieure,
1002 733 88 67 au
1046 733 103 67 duc
1105 733 88 67 de
1149 733 162 67 Feltre;
1251 733 118 67 Nantes

399 760 60 55 2
423 760 96 55 mars
483 760 108 55 1814,
555 760 60 55 3
579 760 72 55 p.
615 760 144 55 in-fol.,
723 760 96 55 tête
783 760 108 55 impr.
855 760 60 55 5
867 760 48 55 50

426 785 152 79 Superbe
537 785 83 79 et
578 785 166 79 curieuse
702 785 152 79 lettre,
812 785 124 79 toute
895 785 166 79 relative
1019 785 97 79 aux
1075 785 166 79 troubles
1199 785 83 79 de
1240 785 83 79 la
1268 785 110 79 Vendée

397 830 78 57 et
436 830 65 57 à
462 830 78 57 la
501 830 208 57 pacification
670 830 78 57 de
709 830 78 57 ce
748 830 117 57 pays.
827 830 208 57 Intéressants
983 830 130 57 détails.

392 866 104 51 21476
462 866 104 51 BOTTA
531 866 161 51 (Charles),
657 866 127 51 célèbre
749 866 150 51 historien
864 866 138 51 italien.
968 866 104 51 L.
1037 866 69 51 a.
1071 866 127 51 s.
1163 866 69 51 en
1198 866 150 51 français,
1301 866 35 51 à

393 900 119 67 Mlle
467 900 148 67 Sophie
571 900 193 67 Buvancel,
719 900 119 67 chez
794 900 89 67 M.
838 900 163 67 Cuvier;
957 900 148 67 Paris,
1061 900 89 67 27
1105 900 119 67 août
1179 900 133 67 1825,
1268 900 104 67 3/4
1313 900 59 67 de

389 930 53 43 p.
416 930 79 43 in-4.
468 930 44 43 4
486 930 44 43 »

423 943 188 87 Charmante
567 943 145 87 épître
669 943 87 87 où
712 943 87 87 il
756 943 87 87 la
799 943 145 87 raille
901 943 232 87 agréablement
1089 943 101 87 sur
1147 943 101 87 son
1190 943 174 87 admiratiom

393 1004 111 57 pour
463 1004 125 57 Byron
546 1004 84 57 et
588 1004 139 57 Walter
686 1004 139 57 Scott.
783 1004 84 57 Il
825 1004 84 57 ne
867 1004 111 57 sait
936 1004 111 57 plus
1006 1004 84 57 où
1048 1004 84 57 se
1089 1004 139 57 cacher
1187 1004 139 57 depuis
1271 1004 97 57 qu’il

390 1034 64 57 a
416 1034 77 57 vu
455 1034 155 57 annoncer
570 1034 90 57 les
622 1034 167 57 æuvres
751 1034 245 57 historiques
957 1034 77 57 de
995 1034 129 57 Walter
1086 1034 129 57 Scott.
1176 1034 90 57 «Si
1227 1034 90 57 les
1266 1034 103 57 romans

393 1061 187 67 deviennent
539 1061 80 67 de
579 1061 200 67 l’histoire,
739 1061 80 67 je
779 1061 80 67 ne
819 1061 107 67 sais
886 1061 80 67 en
926 1061 133 67 vérité
1019 1061 80 67 ce
1059 1061 93 67 que
1113 1061 187 67 l’histoire
1246 1061 120 67 devien-

391 1095 128 63 dra.»
476 1095 86 63 Il
519 1095 100 63 lui
576 1095 157 63 demande
690 1095 86 63 en
733 1095 214 63 conséquence
904 1095 86 63 de
947 1095 228 63 l’indulgence
1133 1095 114 63 pour
1204 1095 100 63 son
1247 1095 114 63 livre.

382 1129 125 61 21477
465 1129 180 61 BOUFFLERS
604 1129 97 61 (L.
659 1129 97 61 F.,
714 1129 97 61 duc
770 1129 111 61 de),
839 1129 166 61 maréchal
964 1129 83 61 de
1005 1129 152 61 France,
1116 1129 194 61 l’héroïque
1254 1129 111 61 défen-

388 1171 82 59 seur
439 1171 62 59 de
470 1171 103 59 Lille.
542 1171 92 59 L.
603 1171 103 59 s.
675 1171 51 59 à
695 1171 62 59 M.
726 1171 62 59 de
757 1171 113 59 Bisset,
839 1171 51 59 à
859 1171 62 59 la
890 1171 133 59 citadelle
993 1171 123 59 d’Arras;
1085 1171 103 59 Lille,
1157 1171 62 59 12
1177 1171 72 59 févr.

387 1195 106 51 1692,
458 1195 59 51 1
481 1195 82 51 pl.
528 1195 106 51 in-4.
599 1195 106 51 Belle
669 1195 129 51 lettre.
763 1195 59 51 3
775 1195 47 51 50

384 1226 110 63 21478
457 1226 147 63 BOUILHET
567 1226 147 63 (Louis),
677 1226 110 63 poëte
750 1226 183 63 dramatique,
897 1226 122 63 auteur
982 1226 73 63 de
1019 1226 73 63 la
1056 1226 220 63 Conjuration
1227 1226 134 63 d’Am

383 1269 168 59 boise.
512 1269 77 59 L.
551 1269 77 59 a.
589 1269 129 59 s.
680 1269 64 59 à
705 1269 142 59 Carjat;
809 1269 142 59 Mantes,
912 1269 77 59 14
950 1269 116 59 janv.
1028 1269 116 59 1862,
1105 1269 64 59 1
1131 1269 77 59 p.
1170 1269 90 59 1/2
1221 1269 116 59 in-8.
1299 1269 64 59 3
1311 1269 52 59 25

411 1302 191 63 Très-jolie
562 1302 150 63 lettre,
671 1302 82 63 où
712 1302 82 63 il
753 1302 164 63 s’excuse
876 1302 82 63 de
917 1302 82 63 ne
958 1302 150 63 pouvoir
1068 1302 96 63 lui
1123 1302 150 63 envoyer
1232 1302 82 63 de
1259 1302 96 63 suite

379 1322 99 81 des
435 1322 113 81 vers
506 1322 113 81 pour
577 1322 99 81 son
633 1322 170 81 journal,
760 1322 127 81 étant
845 1322 155 81 enfoncé
958 1322 170 81 jusqu’au
1085 1322 99 81 cou
1142 1322 113 81 dans
1213 1322 85 81 la
1241 1322 113 81 poésie

375 1373 197 66 dramatique
530 1373 84 66 et
572 1373 127 66 ayant
656 1373 98 66 sur
712 1373 84 66 le
755 1373 169 66 chantier
881 1373 98 66 une
937 1373 141 66 longue
1036 1373 155 66 machine
1148 1373 127 66 qu’il
1232 1373 112 66 doit
1289 1373 70 66 li-

379 1403 104 43 vrer
444 1403 65 43 à
470 1403 104 43 jour
523 1403 91 43 fixe.

382 1434 123 73 21479
464 1434 150 73 BRIENNE
573 1434 109 73 (Ét.
641 1434 95 73 Ch.
696 1434 150 73 LOMÉNIE
805 1434 109 73 de),
873 1434 177 73 cardinal,
1010 1434 191 73 archevêque
1159 1434 82 73 de
1200 1434 164 73 Toulouse
1309 1434 55 73 et

385 1473 68 66 de
419 1473 101 66 Sens,
486 1473 79 66 1er
531 1473 135 66 ministre
632 1473 68 66 de
666 1473 101 66 Louis
734 1473 90 66 XVI,
790 1473 68 66 de
824 1473 124 66 l’Acad.
914 1473 79 66 fr.
959 1473 101 66 L.
1026 1473 68 66 a.
1060 1473 124 66 s.
1150 1473 101 66 1780,
1218 1473 56 66 2
1229 1473 45 66 p.

377 1501 93 58 in-4.
438 1501 93 58 Belle
500 1501 113 58 lettre.
583 1501 51 58 5
593 1501 41 58 50

528 1530 86 73 21480
586 1530 105 73 BRIZEUX
662 1530 86 73 (A.),
719 1530 105 73 célèbre
796 1530 86 73 poëte
853 1530 105 73 breton,
929 1530 114 73 l’auteur
1015 1530 57 73 de
1044 1530 162 73 Marie
1177 1530 86 73 Trois
1225 1530 57 73 vers

534 1579 82 65 aut.
585 1579 93 65 sig.,
647 1579 72 65 1/2
688 1579 62 65 p.
719 1579 93 65 in-8.
781 1579 144 65 Très-jolie
895 1579 93 65 pièce
956 1579 93 65 faite
1018 1579 82 65 pour
1070 1579 62 65 un
1101 1579 124 65 amateur.
1193 1579 52 65 3
1204 1579 41 65 50

376 1613 123 72 21481
458 1613 178 72 BROUSSAIS
595 1613 110 72 (Fr.
664 1613 110 72 Jos.
732 1613 110 72 V.),
801 1613 151 72 célèbre
910 1613 164 72 médecin,
1033 1613 164 72 créateur
1157 1613 82 72 de
1198 1613 82 72 la
1225 1613 137 72 doctrine

374 1653 236 63 physiologique,
570 1653 131 63 membre
662 1653 79 63 de
701 1653 196 63 l’Institut.
859 1653 183 63 Certificat
1003 1653 105 63 aut.
1068 1653 118 63 sig.;
1147 1653 118 63 1823,
1225 1653 92 63 1/2
1265 1653 52 63 p.

373 1680 75 41 in-4.
423 1680 42 41 2
431 1680 25 41 »

503 1721 108 63 21482
575 1721 120 63 BUCHEZ
658 1721 96 63 (Ph.
718 1721 96 63 Jos.
778 1721 132 63 Benj.),
874 1721 120 63 savant
957 1721 132 63 médecin
1053 1721 72 63 et
1089 1721 179 63 philosophe,
1232 1721 120 63 auteur
1304 1721 48 63 de

518 1761 215 56 l'Histoire
702 1761 204 56 parlementaire
876 1761 61 56 de
906 1761 61 56 la
937 1761 143 56 Révolution
1049 1761 143 56 française.
1162 1761 61 56 L.
1192 1761 61 56 a.
1223 1761 102 56 s.
1284 1761 31 56 à

516 1794 61 52 M.
546 1794 112 52 Waille,
628 1794 133 52 rédacteur
730 1794 61 52 en
761 1794 82 52 chef
812 1794 61 52 de
842 1794 204 52 l'Avenir;
1016 1794 102 52 Paris,
1087 1794 61 52 19
1118 1794 71 52 mai
1159 1794 92 52 1831,
1220 1794 51 52 1
1230 1794 41 52 p.

369 1815 70 51 3/4
409 1815 90 51 in-4.
469 1815 50 51 4
479 1815 30 51 »

395 1855 163 65 Curieuse
518 1855 136 65 épître
613 1855 95 65 par
667 1855 163 65 laquelle
790 1855 82 65 il
830 1855 95 65 lui
885 1855 136 65 envoie
980 1855 82 65 et
1021 1855 82 65 le
1062 1855 109 65 prie
1129 1855 82 65 de
1170 1855 109 65 lire
1238 1855 82 65 la
1265 1855 82 65 bro-

363 1892 116 62 chure
441 1892 129 62 qu’ils
531 1892 155 62 viennent
647 1892 77 62 de
686 1892 142 62 publier
789 1892 129 62 contre
879 1892 90 62 les
931 1892 258 62 Saints-Simoniens
1150 1892 77 62 de
1176 1892 168 62 l’i>Or

369 1928 238 58 ganisateur
573 1928 68 58 et
607 1928 68 58 du
641 1928 193 58 Globe
800 1928 79 58 «Je
845 1928 102 58 suis,
913 1928 79 58 moi
958 1928 68 58 et
992 1928 91 58 nous
1049 1928 102 58 tous,
1117 1928 102 58 navré
1185 1928 68 58 de
1219 1928 91 58 voir
1265 1928 79 58 faire

358 1962 84 47 un
400 1962 84 47 si
442 1962 181 47 pitoyable
581 1962 126 47 usage
665 1962 98 47 des
721 1962 112 47 mots
791 1962 84 47 de
833 1962 84 47 la
874 1962 140 47 langue
972 1962 154 47 sacrée,
1084 1962 84 47 de
1126 1962 98 47 les
1182 1962 112 47 voir
1237 1962 112 47 servir

371 1993 101 53 our
428 1993 129 53 parer
514 1993 86 53 de
557 1993 115 53 leur
629 1993 158 53 attrait
744 1993 101 53 une
801 1993 201 53 conception
945 1993 244 53 monstrueuse...»

369 2023 116 69 21483
447 2023 116 69 BYRON
524 2023 142 69 (lord),
627 2023 181 69 l’illustre
770 2023 116 69 poëte
847 2023 155 69 anglais.
963 2023 155 69 Fragment
1080 2023 78 69 de
1118 2023 65 69 5
1144 2023 103 69 lig.
1209 2023 103 69 aut.
1261 2023 90 69 d’une

363 2061 143 60 lettre
463 2061 71 60 à
491 2061 143 60 Thomas
591 2061 143 60 Moore,
691 2061 114 60 avec
762 2061 100 60 une
819 2061 214 60 attestation
990 2061 114 60 aut.
1061 2061 114 60 sig,
1132 2061 86 60 de
1175 2061 86 60 ce
1204 2061 143 60 dernier,

390 2093 51 48 1
410 2093 61 48 p.
441 2093 82 48 in-4
492 2093 113 48 oblong.
574 2093 51 48 4
584 2093 31 48 »

367 2122 125 65 21484
450 2122 181 65 CALLIÈRES
589 2122 83 65 DE
631 2122 181 65 L’ESTANG,
770 2122 111 65 l’un
840 2122 97 65 des
895 2122 195 65 vainqueurs
1048 2122 83 65 de
1090 2122 83 65 la
1132 2122 181 65 Bastille,
1257 2122 83 65 com-

361 2162 167 61 mandant
483 2162 107 61 des
543 2162 198 61 vétérans,
696 2162 228 61 commissaire
878 2162 91 61 de
924 2162 91 61 la
970 2162 167 61 Commune
1091 2162 122 61 dans
1168 2162 91 61 la
1198 2162 137 61 Vendée.

363 2196 111 52 L.
437 2196 74 52 a.
474 2196 123 52 s.
560 2196 74 52 au
597 2196 148 52 patriote
708 2196 136 52 Palloy;
806 2196 123 52 Paris,
892 2196 74 52 14
929 2196 123 52 juill.
1016 2196 111 52 1791,
1090 2196 62 52 1
1114 2196 74 52 p.
1151 2196 86 52 pl.
1200 2196 111 52 in-4.
1274 2196 62 52 5
1287 2196 49 52 50

394 2230 172 64 Curieuse
523 2230 158 64 épître,
638 2230 172 64 relative
767 2230 72 64 à
796 2230 86 64 la
839 2230 201 64 fédération
997 2230 86 64 du
1040 2230 86 64 14
1083 2230 158 64 juillet
1198 2230 86 64 en
1227 2230 115 64 commé-

362 2259 165 52 moration
486 2259 82 52 de
527 2259 82 52 la
568 2259 124 52 prise
650 2259 82 52 de
692 2259 82 52 la
719 2259 151 52 Bastille.

356 2287 123 68 21485
438 2287 178 68 CAMBRONNE
575 2287 96 68 (P.
630 2287 82 68 J.
671 2287 110 68 Ét.,
740 2287 151 68 baron),
849 2287 123 68 brave
931 2287 151 68 général
1041 2287 82 68 de
1082 2287 178 68 l’empire,
1219 2287 82 68 le
1246 2287 96 68 héros

355 2329 77 64 du
394 2329 142 64 dernier
497 2329 142 64 épisode
600 2329 77 64 de
639 2329 167 64 Waterloo.
767 2329 116 64 L.
845 2329 77 64 a.
883 2329 129 64 s.
973 2329 64 64 à
999 2329 77 64 M.
1038 2329 206 64 Francheteau,
1205 2329 64 64 1
1231 2329 77 64 p.
1257 2329 90 64 in

1249 2377 93 41 7
1267 2377 74 41 50

352 2391 109 61 21486
424 2391 157 61 CANROBERT
545 2391 97 61 (Fr.
605 2391 157 61 CERTAIN),
726 2391 145 61 maréchal
835 2391 72 61 de
871 2391 133 61 France.
967 2391 109 61 L.
1040 2391 72 61 a.
1076 2391 133 61 s.
1172 2391 109 61 comme
1233 2391 60 61 co-

359 2434 126 58 lonel
443 2434 84 58 du
485 2434 84 58 2e
527 2434 84 58 de
569 2434 140 58 ligne,
667 2434 84 58 au
709 2434 154 58 général
821 2434 196 58 Herbillon;
976 2434 140 58 Batna,
1074 2434 84 58 31
1116 2434 112 58 mars
1186 2434 126 58 1848,
1270 2434 70 58 1
1284 2434 56 58 p.

359 2463 62 44 1/2
395 2463 80 44 in-4.
448 2463 44 44 3
457 2463 35 44 50
