1912 2915
1094 376 80 45 —
1126 376 80 45 2
1142 376 48 45 —

674 413 113 65 Mme
753 413 147 65 iCaroline
866 413 159 65 Talma
991 413 79 65 Mme
1036 413 215 65 Dugazon
1217 413 102 65 Mlles
1285 413 227 65 Lachassaigne,
1478 413 125 65 Fleury,
1557 413 102 65 De

673 469 157 37 vienne,
796 469 157 37 Contat
920 469 146 37 (Emilie),
1032 469 236 37 Desbrosses
1234 469 101 37 etc.;
1302 469 101 37 1815,
1369 469 56 37 1
1392 469 67 37 p.
1425 469 79 37 1/2
1470 469 124 37 in-fol.
1560 469 56 37 4
1571 469 34 37 »

703 501 96 45 Les
758 501 137 45 divers
854 501 205 45 traitements
1017 501 164 45 affectés
1140 501 96 45 aux
1195 501 164 45 artistes
1318 501 109 45 sont
1386 501 164 45 énumérés
1509 501 109 45 dans
1563 501 96 45 cette

673 526 166 54 curieuse
784 526 110 54 pièce.

1102 569 75 64 21460
1152 569 75 64 AUBER
1202 569 59 64 (D.
1236 569 50 64 F.
1261 569 67 64 E.),
1303 569 92 64 célèbre
1370 569 126 64 compositeur
1471 569 50 64 de
1496 569 101 64 musique,
1571 569 84 64 membre
1621 569 34 64 de

674 610 138 47 l’Institut.
784 610 83 47 L.
840 610 55 47 a.
867 610 101 47 s.
941 610 65 47 1/2
978 610 55 47 p.
1006 610 83 47 in-8.
1061 610 46 47 1
1070 610 37 47 50

681 644 118 54 21461
760 644 145 54 AZEGLIO
865 644 145 54 (Maxime
970 644 184 54 TAPARELLI,
1115 644 92 54 mis
1167 644 105 54 d’),
1233 644 184 54 publiciste
1378 644 79 54 et
1417 644 158 54 écrivain
1522 644 132 54 italien,

667 685 163 44 ministre
789 685 81 44 de
830 685 271 44 Victor-Emmanuel.
1060 685 122 44 L.
1141 685 81 44 a.
1182 685 135 44 s.
1277 685 81 44 au
1317 685 149 44 colonel
1426 685 203 44 Zambeccari,
1575 685 81 44 com-

675 719 154 47 mandant
787 719 84 47 la
829 719 126 47 place
914 719 84 47 de
956 719 169 47 Trévise;
1082 719 169 47 Vicence,
1209 719 70 47 6
1237 719 112 47 juin
1307 719 126 47 1848,
1391 719 70 47 1
1419 719 84 47 p.
1461 719 169 47 in-fol.,
1574 719 84 47 tête

673 744 106 47 impr.
744 744 164 47 Très-belle
873 744 117 47 pièce.
955 744 59 47 4
967 744 35 47 »

707 786 85 44 Il
749 786 99 44 lui
806 786 141 44 envoie
904 786 99 44 une
961 786 211 44 déclaration
1130 786 99 44 qui
1186 786 141 44 prouve
1285 786 99 44 les
1341 786 113 44 bons
1411 786 211 44 traitements
1566 786 85 44 dont

670 819 83 39 on
712 819 97 39 use
767 819 69 39 à
795 819 152 39 l’égard
905 819 97 39 des
961 819 208 39 prisonniers
1127 819 208 39 autrichiens
1293 819 83 39 et
1335 819 83 39 la
1376 819 166 39 fausseté
1501 819 83 39 de
1542 819 83 39 la
1570 819 83 39 pro-

668 855 193 43 clamation
817 855 89 43 du
861 855 178 43 maréchal
980 855 134 43 Welden.

675 881 119 59 21462
754 881 146 59 BARBIER
860 881 119 59 (Ant.
940 881 119 59 Al.),
1019 881 79 59 un
1059 881 79 59 de
1099 881 93 59 nos
1152 881 106 59 plus
1218 881 146 59 savants
1324 881 238 59 bibliographes,
1523 881 132 59 auteur
1602 881 53 59 du

674 923 236 40 Dictionnaire
872 923 87 40 des
922 923 161 40 anonymes.
1046 923 74 40 L.
1083 923 74 40 a.
1120 923 124 40 s.
1207 923 74 40 au
1244 923 99 40 cit.
1307 923 124 40 Locré;
1393 923 62 40 9
1418 923 137 40 floréal
1517 923 74 40 an
1555 923 74 40 X,
1592 923 62 40 1
1604 923 50 40 p.

674 953 67 46 1/2
712 953 105 46 in-fol.
788 953 48 46 2
797 953 38 46 50

703 992 217 47 Intéressante
880 992 136 47 épître
975 992 95 47 sur
1029 992 217 47 l’impression
1206 992 81 47 du
1247 992 177 47 catalogue
1382 992 81 47 de
1423 992 81 47 la
1450 992 204 47 Bibliothèque.

668 1017 115 70 21463
745 1017 140 70 BARNAVE
847 1017 115 70 (Ant.
923 1017 77 70 P.
962 1017 77 70 J.
1000 1017 102 70 M.),
1064 1017 153 70 illustre
1178 1017 204 70 constituant,
1344 1017 153 70 décapité
1459 1017 77 70 en
1484 1017 77 70 1793

672 1064 80 53 L.
725 1064 53 53 a.
752 1064 97 53 s.
822 1064 62 53 3/4
858 1064 53 53 de
884 1064 53 53 p.
911 1064 80 53 in-8.
964 1064 186 53 Très-rare
1123 1064 53 53 20
1140 1064 27 53 »

675 1090 96 60 21464
739 1090 107 60 BARRAS
814 1090 117 60 (Paul),
899 1090 181 60 conventionnel
1048 1090 64 60 et
1080 1090 149 60 directeur.
1198 1090 96 60 L.
1262 1090 64 60 a.
1294 1090 117 60 s.
1379 1090 139 60 Grosbois,
1485 1090 64 60 le
1507 1090 53 60 1er

697 1135 50 44 1
717 1135 60 44 p.
747 1135 90 44 in-4.
807 1135 90 44 Belle
866 1135 100 44 pièce.
936 1135 50 44 4
946 1135 40 44 50

667 1168 113 59 21465
743 1168 151 59 BARRIÈRE
856 1168 188 59 (Théodore),
1006 1168 75 59 un
1044 1168 75 59 de
1082 1168 88 59 nos
1132 1168 163 59 meilleurs
1257 1168 138 59 auteurs
1358 1168 188 59 dramatiques
1496 1168 75 59 con-

670 1213 168 47 temporains.
804 1213 101 47 L.
872 1213 67 47 a.
905 1213 112 47 s.
984 1213 56 47 à
1006 1213 123 47 Carjat,
1096 1213 56 47 1
1119 1213 67 47 p.
1152 1213 79 47 pl.
1197 1213 101 47 in-8.
1265 1213 146 47 Curieuse.
1377 1213 56 47 2
1388 1213 45 47 25

678 1244 106 45 21466
749 1244 189 45 BEAUMARCHAIS
903 1244 118 45 (Caron
986 1244 95 45 de),
1045 1244 130 45 célèbre
1139 1244 118 45 auteur
1222 1244 177 45 dramatique.
1364 1244 106 45 Pièce
1423 1244 71 45 sig.

676 1282 131 38 Caron
774 1282 65 38 de
807 1282 229 38 Beaumarchais
1003 1282 55 38 1
1025 1282 65 38 p.
1058 1282 98 38 in-4.
1123 1282 55 38 2
1134 1282 44 38 50

665 1320 106 35 21467
736 1320 141 35 BEAUVOIR
842 1320 118 35 (Roger
924 1320 94 35 de),
983 1320 153 35 romancier
1101 1320 71 35 et
1136 1320 188 35 littérateur.
1289 1320 106 35 L.
1359 1320 71 35 a.
1395 1320 118 35 s.
1477 1320 71 35 (à
1512 1320 71 35 V.
1536 1320 94 35 Hugo),

689 1356 59 43 1
713 1356 71 43 p.
748 1356 83 43 pl.
796 1356 107 43 in-8.
867 1356 154 43 Charmante
985 1356 130 43 épître.
1080 1356 59 43 1
1092 1356 47 43 75

663 1389 123 49 21468
745 1389 191 49 BERNADOTTE
895 1389 259 49 (Charles-Jean),
1113 1389 163 49 maréchal
1235 1389 82 49 de
1276 1389 150 49 France,
1385 1389 109 49 puis
1453 1389 95 49 roi
1508 1389 82 49 de
1535 1389 109 49 Suède.

666 1424 118 41 L.
744 1424 105 41 sig.
810 1424 275 41 Charles-Jean
1046 1424 105 41 avec
1111 1424 79 41 la
1150 1424 183 41 souscript.
1294 1424 118 41 aut.,
1373 1424 65 41 à
1399 1424 157 41 Benjamin
1504 1424 144 41 Constant;

672 1457 256 44 quartier-général
890 1457 77 44 de
928 1457 192 44 Buckebourg,
1082 1457 64 44 7
1108 1457 115 44 févr.
1185 1457 115 44 1814,
1262 1457 64 44 1
1287 1457 77 44 p.
1326 1457 90 44 1/2
1377 1457 115 44 in-4.
1454 1457 77 44 10
1480 1457 38 44 »

694 1492 215 44 Très-curieuse
871 1492 139 44 épître.
972 1492 63 44 —
997 1492 76 44 Il
1035 1492 63 44 a
1060 1492 76 44 lu
1098 1492 101 44 avec
1161 1492 164 44 attention
1288 1492 88 44 son
1338 1492 139 44 ouvrage
1439 1492 114 44 De
1502 1492 139 44 l’es

663 1532 136 34 prit
762 1532 74 34 de
799 1532 149 34 conquête
910 1532 74 34 et
947 1532 74 34 de
985 1532 198 34 l’usurpation
1146 1532 99 34 dans
1208 1532 111 34 leurs
1282 1532 149 34 rapports
1393 1532 99 34 avec
1455 1532 74 34 la
1480 1532 161 34 civili

656 1563 164 38 sation
782 1563 239 38 européenne
984 1563 76 38 Ce
1021 1563 113 38 livre
1097 1563 151 38 contient
1210 1563 88 38 des
1260 1563 164 38 principes
1386 1563 176 38 excellents
1525 1563 88 38 «et
1562 1563 76 38 cer-

667 1593 188 47 tainement,
814 1593 147 47 dit-il,
921 1593 80 47 si
961 1593 80 47 on
1002 1593 94 47 les
1055 1593 121 47 avait
1136 1593 147 47 suivis,
1243 1593 80 47 le
1283 1593 147 47 bonheur
1390 1593 80 47 et
1431 1593 80 47 la
1457 1593 188 47 tranquillité

656 1627 89 43 de
701 1627 178 43 l’Europe
834 1627 207 43 n’auraient
997 1627 104 43 pas
1056 1627 104 43 été
1115 1627 163 43 exposés
1234 1627 104 43 aux
1293 1627 163 43 dangers
1411 1627 104 43 qui
1470 1627 148 43 depuis
1559 1627 89 43 plus

660 1660 84 52 de
702 1660 126 52 vingt
786 1660 98 52 ans
842 1660 84 52 en
884 1660 98 52 ont
941 1660 140 52 menacé
1039 1660 267 52 l’existence...»
1263 1660 84 52 Il
1305 1660 154 52 termine
1418 1660 84 52 en
1460 1660 98 52 lui
1502 1660 140 52 envoyant

657 1692 77 46 la
696 1692 115 46 croix
772 1692 77 46 de
811 1692 154 46 l’étoile
913 1692 128 46 polaire.

663 1724 117 57 21469
741 1724 131 57 BERSOT
833 1724 170 57 (Ernest),
963 1724 183 57 philosophe
1107 1724 78 57 et
1146 1724 170 57 moraliste
1277 1724 183 57 distingué,
1420 1724 131 57 membre
1512 1724 78 57 de
1538 1724 91 57 l’Ins

660 1764 110 53 titut.
737 1764 121 53 Article
825 1764 88 53 aut.
880 1764 99 53 sig.,
947 1764 88 53 avec
1002 1764 121 53 ratures
1090 1764 66 53 et
1123 1764 176 53 corrections,
1266 1764 55 53 2
1288 1764 66 53 p.
1322 1764 99 53 in-4.
1388 1764 55 53 2
1410 1764 121 53 y»

690 1799 144 52 Compte
790 1799 130 52 rendu
877 1799 101 52 des
935 1799 173 52 obsèques
1064 1799 86 52 de
1108 1799 159 52 Didier,
1223 1799 86 52 le
1266 1799 187 52 fondateur
1410 1799 86 52 de
1454 1799 86 52 la
1482 1799 159 52 librairie

637 1824 210 49 académique.

660 1868 125 54 21470
743 1868 194 54 BERTHOLLET
895 1868 111 54 (Cl.
965 1868 138 54 Louis,
1062 1868 152 54 comte),
1172 1868 83 54 un
1214 1868 83 54 de
1255 1868 97 54 nos
1311 1868 111 54 plus
1380 1868 152 54 savants
1477 1868 152 54 chimistes

658 1910 122 48 membre
743 1910 73 48 de
780 1910 183 48 l’Institut.
926 1910 110 48 L.
999 1910 73 48 a.
1036 1910 134 48 s.
1133 1910 122 48 Paris,
1219 1910 73 48 26
1255 1910 146 48 prairial
1365 1910 73 48 an
1401 1910 110 48 VIII,
1475 1910 61 48 1
1499 1910 73 48 p.
1523 1910 110 48 in

660 1935 91 42 Belle
720 1935 101 42 pièce.
791 1935 50 42 3
801 1935 30 42 »

656 1973 122 47 21471
738 1973 135 47 BERTON
832 1973 95 47 (J.
886 1973 108 47 B.),
954 1973 162 47 maréchal
1075 1973 81 47 de
1116 1973 122 47 camp,
1197 1973 108 47 chef
1264 1973 81 47 de
1305 1973 81 47 la
1345 1973 216 47 conspiration
1521 1973 81 47 de
1548 1973 81 47 Sau-

654 2014 106 34 mur,
720 2014 146 34 fusillé
826 2014 79 34 en
866 2014 119 34 1822.
945 2014 119 34 L.
1025 2014 79 34 a.
1064 2014 132 34 s.
1157 2014 79 34 au
1197 2014 93 34 duc
1250 2014 79 34 de
1290 2014 146 34 Feltre;
1396 2014 132 34 maison
1488 2014 146 34 d’arrêt
1581 2014 53 34 de

662 2043 136 47 l’Abbaye,
766 2043 52 47 6
787 2043 84 47 mars
840 2043 94 47 1816,
903 2043 52 47 4
924 2043 63 47 p.
955 2043 115 47 in-fol.
1039 2043 168 47 Rare
1175 2043 52 47 9
1196 2043 63 47 50

690 2079 157 51 Superbe
804 2079 142 51 lettre
903 2079 85 51 où
946 2079 85 51 il
989 2079 157 51 demande
1103 2079 85 51 sa
1146 2079 114 51 mise
1217 2079 85 51 en
1260 2079 157 51 liberté
1374 2079 85 51 et
1416 2079 142 51 expose
1516 2079 85 51 sa
1545 2079 85 51 con-

656 2116 142 49 duite.
755 2116 100 49 «Je
812 2116 114 49 suis
884 2116 185 49 tellement
1026 2116 114 49 fort
1097 2116 85 49 de
1140 2116 85 49 ma
1182 2116 214 49 conscience,
1353 2116 228 49 Monseigneur,
1538 2116 100 49 que
1581 2116 57 49 je

656 2148 116 35 suis
729 2148 116 35 prêt
802 2148 87 35 et
846 2148 102 35 que
904 2148 189 35 j’invoque
1049 2148 116 35 même
1122 2148 175 35 l’examen
1253 2148 87 35 le
1296 2148 116 35 plus
1369 2148 145 35 sévère
1471 2148 87 35 de
1515 2148 87 35 ma
1544 2148 87 35 con-

659 2175 137 40 duite:
755 2175 110 40 elle
824 2175 69 40 a
851 2175 96 40 été
906 2175 123 40 telle
988 2175 96 40 que
1043 2175 82 40 je
1084 2175 82 40 ne
1126 2175 151 40 redoute
1235 2175 82 40 la
1276 2175 233 40 confrontation
1468 2175 151 40 d’aucun
1564 2175 69 40 dé

646 2210 231 40 nonciateur...»

663 2249 128 47 21472
748 2249 143 47 BEZOUT
848 2249 200 47 (Étienne),
1005 2249 143 47 savant
1105 2249 257 47 mathématicien,
1318 2249 143 47 membre
1418 2249 86 47 de
1461 2249 157 47 l’Acad.
1561 2249 71 47 des

660 2288 169 35 sciences.
790 2288 195 35 Résultat
946 2288 78 35 de
985 2288 156 35 l'examen
1102 2288 91 35 des
1153 2288 130 35 gardes
1244 2288 78 35 du
1283 2288 156 35 pavillon
1400 2288 78 35 de
1439 2288 78 35 la
1465 2288 156 35 marine

666 2313 128 40 fait
756 2313 77 40 en
795 2313 167 40 1783
923 2313 116 40 pièce
1000 2313 103 40 aut.
1064 2313 116 40 sig.;
1141 2313 128 40 Paris,
1231 2313 77 40 19
1270 2313 103 40 août
1334 2313 116 40 1783,
1411 2313 64 40 4
1436 2313 77 40 p.
1475 2313 141 40 in-fol.
1565 2313 64 40 Su-

662 2343 85 51 perbe
718 2343 94 51 pièce.
784 2343 47 51 6
793 2343 38 51 50

682 2370 151 62 Rapport
792 2370 110 62 fort
861 2370 151 62 curieux
971 2370 110 62 fait
1040 2370 96 62 par
1095 2370 151 62 Bezout,
1205 2370 96 62 qui
1260 2370 138 62 était,
1356 2370 138 62 depuis
1452 2370 124 62 1763,
1521 2370 110 62 exami-

658 2409 147 67 hateur
761 2409 103 67 des
820 2409 147 67 gardes
924 2409 88 67 de
968 2409 88 67 la
1012 2409 162 67 marine,
1130 2409 88 67 et
1174 2409 103 67 qui
1233 2409 147 67 mourut
1336 2409 88 67 un
1380 2409 118 67 mois
1454 2409 133 67 après
1528 2409 103 67 avoir

656 2451 116 50 écrit
733 2451 116 50 cette
798 2451 103 50 pièce.
