1912 2915
835 332 73 56 —
864 332 87 56 15
893 332 44 56 —

419 393 133 52 21651
508 393 147 52 THOMAS
611 393 221 52 (Ambroise),
787 393 162 52 célèbre
905 393 221 52 compositeur
1082 393 88 52 de
1126 393 177 52 musique,
1259 393 147 52 membre
1347 393 59 52 de

425 438 135 37 l’Institut.
533 438 81 37 L.
587 438 135 37 a.s.,
695 438 45 37 1
713 438 54 37 p.
740 438 81 37 in-8.
794 438 45 37 2
803 438 27 37 »

427 478 116 36 21652
505 478 155 36 TRONCHET
621 478 103 36 (Fr.
685 478 142 36 Denis),
788 478 142 36 célèbre
892 478 129 36 avocat
982 478 77 36 et
1021 478 206 36 constituant,
1188 478 168 36 défenseur
1304 478 52 36 de

426 504 118 46 Louis
504 504 105 46 XVI.
570 504 91 46 L.
622 504 131 46 a
713 504 78 46 s.
753 504 65 46 à
779 504 78 46 M.
818 504 183 46 Dupoirier;
962 504 78 46 26
1001 504 157 46 pluviôse
1119 504 78 46 an
1158 504 91 46 XI,
1210 504 65 46 1
1236 504 78 46 p.
1275 504 91 46 1/2
1315 504 78 46 in

1318 537 45 42 6
1327 537 36 42 50

424 573 117 47 21653
502 573 78 47 LE
541 573 117 47 MÊME.
619 573 78 47 1°
658 573 78 47 L.
696 573 104 47 s.
761 573 78 47 au
800 573 169 47 sculpteur
930 573 143 47 Roland;
1034 573 78 47 25
1073 573 104 47 fév.
1138 573 117 47 1806,
1215 573 65 47 1
1241 573 78 47 p.
1280 573 91 47 pl.
1319 573 78 47 in

427 609 116 41 Envoi
504 609 77 41 de
543 609 77 41 la
581 609 116 41 pièce
658 609 167 41 suivante.
787 609 64 41 —
812 609 77 41 2°
851 609 77 41 P.
889 609 90 41 s.,
941 609 103 41 sig.
1005 609 116 41 aussi
1082 609 90 41 par
1133 609 218 41 Roland
1300 609 103 41 Paris,

458 643 107 51 janv.
529 643 107 51 1806,
601 643 59 51 1
624 643 71 51 p.
660 643 83 51 1/2
707 643 107 51 in-4.
779 643 59 51 4
790 643 36 51 »

397 649 69 40 4

466 673 147 53 Traité
569 673 103 53 par
628 673 147 53 lequel
732 673 177 53 Tronchet
864 673 177 53 commande
997 673 74 53 à
1027 673 147 53 Roland
1130 673 88 53 un
1174 673 133 53 buste
1263 673 88 53 en
1292 673 118 53 marbre

423 712 89 45 de
468 712 177 45 grandeur
600 712 192 45 naturelle
748 712 118 45 dans
822 712 89 45 le
866 712 162 45 costume
984 712 89 45 de
1028 712 192 45 sénateur,
1176 712 118 45 pour
1250 712 89 45 le
1294 712 118 45 prix
1353 712 59 45 de

424 755 126 43 4000
487 755 79 43 fr.

434 775 107 57 21654
506 775 119 57 UGALDE
589 775 179 57 (Delphine),
733 775 131 57 célèbre
828 775 179 57 cantatrice.
971 775 107 57 L.
1043 775 119 57 a
1126 775 84 57 s.,
1174 775 60 57 1
1198 775 72 57 p.
1234 775 107 57 in-8,
1306 775 119 57 papier
1377 775 36 57 à

426 829 76 36 son
470 829 131 36 chiffre.
568 829 98 36 Jolie
633 829 109 36 pièce.
710 829 55 36 2
720 829 44 36 25

437 859 121 39 21655
517 859 174 39 VACQUERIE
651 859 187 39 (Auguste),
798 859 201 39 littérateur
959 859 80 39 et
999 859 134 39 auteur
1093 859 187 39 dramatique
1227 859 187 39 très-

435 896 81 46 gué.
485 896 91 46 L.
546 896 142 46 a.s.,
657 896 51 46 1
678 896 61 46 p.
708 896 101 46 in-12.
779 896 91 46 Jolie
840 896 101 46 pièce.
910 896 51 46 1
921 896 40 46 75

436 920 113 52 21656
512 920 126 52 VAUBAN
600 920 113 52 (Séb.
676 920 76 52 LE
713 920 138 52 PRESTRE
814 920 101 52 de),
877 920 151 52 illustre
990 920 151 52 maréchal
1103 920 76 52 de
1141 920 138 52 France.
1242 920 113 52 L.
1317 920 113 52 s
1380 920 38 52 à

437 960 63 46 M.
468 960 63 46 de
499 960 125 46 Bissetz,
593 960 146 46 lieutenant
708 960 63 46 de
740 960 63 46 la
771 960 136 46 citadelle
876 960 125 46 d’Arras;
970 960 105 46 Namur,
1043 960 63 46 10
1074 960 105 46 juill.
1137 960 73 46 1692,

440 999 56 47 1
462 999 67 47 p.
496 999 79 47 1/2
541 999 101 47 in-4.
608 999 101 47 Jolie
675 999 123 47 lettre.
765 999 56 47 6
776 999 34 47 »

442 1024 78 51 21657
494 1024 103 51 VEUILLOT
572 1024 103 51 (Louis),
649 1024 52 51 le
675 1024 95 51 célèbre
744 1024 103 51 écrivain
822 1024 129 51 catholique.
925 1024 60 51 L<.
960 1024 112 51 a
1046 1024 52 51 s.
1072 1024 43 51 à
1089 1024 52 51 M.
1106 1024 52 51 ...;

436 1068 71 54 15
472 1068 118 54 juill.
554 1068 106 54 1851,
625 1068 59 54 3
649 1068 71 54 p.
684 1068 83 54 1/2
731 1068 106 54 in-8.
802 1068 59 54 8
814 1068 35 54 »

473 1096 133 54 Très-jolie
577 1096 57 54 et
606 1096 152 54 intéressante
729 1096 95 54 lettre
796 1096 57 54 où
824 1096 57 54 il
853 1096 57 54 se
881 1096 114 54 félicite
967 1096 95 54 d’être
1033 1096 57 54 en
1062 1096 57 54 si
1081 1096 67 54 bonne

437 1131 185 51 situation
579 1131 114 51 près
651 1131 86 51 de
693 1131 128 51 celui
779 1131 143 51 auquel
879 1131 86 51 il
921 1131 143 51 écrit.
1021 1131 171 51 «Lorsque
1149 1131 114 51 l’on
1221 1131 114 51 aime
1292 1131 114 51 bien
1349 1131 71 51 son

439 1163 150 58 frapeau
548 1163 82 58 il
589 1163 95 58 n’y
643 1163 68 58 a
670 1163 95 58 pas
725 1163 82 58 de
766 1163 109 58 joie
834 1163 190 58 comparable
983 1163 68 58 à
1010 1163 122 58 celle
1092 1163 82 58 de
1133 1163 109 58 voir
1201 1163 109 58 s’en
1255 1163 163 58 rapprocher

435 1197 97 57 les
490 1197 138 57 hommes
587 1197 166 57 capables
712 1197 83 57 de
753 1197 83 57 le
795 1197 166 57 soutenir
919 1197 83 57 et
961 1197 83 57 de
1002 1197 180 57 l’honorer
1140 1197 111 57 plus
1210 1197 83 57 et
1251 1197 124 57 mieux
1320 1197 97 57 qu’on

436 1243 85 42 ne
478 1243 99 42 l’a
535 1243 113 42 fait
591 1243 198 42 soi

448 1258 95 56 21658
512 1258 95 56 VOLTA
576 1258 170 56 (Alexandre),
713 1258 148 56 l’illustre
830 1258 138 56 physicien
936 1258 127 56 italien.
1031 1258 85 56 P
1084 1258 106 56 s
1159 1258 106 56 Pavie.
1233 1258 64 56 31
1254 1258 53 56 mai

446 1309 108 51 1794,
518 1309 84 51 3/4
566 1309 72 51 de
601 1309 72 51 p.
637 1309 131 51 in-fol.
733 1309 108 51 Belle
805 1309 120 51 pièce.
888 1309 60 51 6
900 1309 36 51 »

443 1327 121 61 21659
523 1327 161 61 VOLTAIRE
644 1327 94 61 (F.
698 1327 81 61 M.
738 1327 134 61 AROUET
832 1327 108 61 de),
900 1327 81 61 le
940 1327 108 61 plus
1007 1327 121 61 grand
1088 1327 161 61 écrivain
1209 1327 81 61 du
1236 1327 188 61 dix

442 1370 143 52 siècle.
546 1370 117 52 P.
624 1370 78 52 s.
663 1370 130 52 Arouet
754 1370 78 52 de
793 1370 221 52 Voltaire;
974 1370 78 52 11
1013 1370 104 52 mars
1078 1370 117 52 1745,
1156 1370 65 52 1
1182 1370 78 52 p.
1221 1370 143 52 in-fol.
1312 1370 104 52 Légers

442 1417 164 44 raccommodages.
579 1417 55 44 10
597 1417 82 44 »

470 1430 227 71 Procuration
652 1430 121 71 pour
728 1430 212 71 recueillir
894 1430 91 71 la
940 1430 212 71 succession
1107 1430 182 71 d’Armand
1243 1430 167 71 Arouet,
1349 1430 76 71 son

440 1480 141 52 frère,
538 1480 183 52 trésorier
679 1480 99 52 des
735 1480 141 52 épices
834 1480 84 52 de
876 1480 84 52 la
918 1480 155 52 Chambre
1031 1480 99 52 des
1073 1480 141 52 comptes.

441 1498 102 69 21669
508 1498 68 69 LE
542 1498 102 69 MÊME.
610 1498 102 69 L.
678 1498 68 69 a.
712 1498 56 69 s
734 1498 113 69 V
814 1498 56 69 à
836 1498 68 69 M.
870 1498 136 69 Delille,
972 1498 147 69 capitaine
1085 1498 68 69 de
1119 1498 136 69 dragons;
1220 1498 90 69 7
1266 1498 56 69 mai

449 1560 132 52 (17747),
548 1560 55 52 2
570 1560 66 52 p.
603 1560 77 52 pl.
648 1560 99 52 in-4.
714 1560 66 52 32
736 1560 33 52 »

482 1567 250 69 Très-curieuse
688 1567 88 69 et
732 1567 220 69 spirituelle
908 1567 147 69 épître
1011 1567 88 69 où
1055 1567 88 69 il
1099 1567 132 69 parle
1187 1567 88 69 de
1231 1567 147 69 Gœzman
1334 1567 88 69 et
1363 1567 59 69 de

443 1618 249 52 Beaumarchais.
648 1618 132 52 «Pour
736 1618 88 52 le
780 1618 132 52 blâme
868 1618 88 52 de
912 1618 234 52 Beaumarchais
1102 1618 88 52 je
1146 1618 88 52 ne
1190 1618 132 52 scais
1278 1618 102 52 pas
1322 1618 102 52 encor

447 1652 119 59 bien
522 1652 224 59 précisément
701 1652 89 59 ce
745 1652 134 59 qu’il
835 1652 194 59 signifie.
984 1652 119 59 Pour
1058 1652 104 59 moy
1118 1652 89 59 je
1163 1652 89 59 ne
1207 1652 134 59 blâme
1297 1652 104 59 que
1342 1652 89 59 ceux

455 1688 102 51 jui
514 1688 218 51 m’ennuient,
688 1688 87 51 et
732 1688 87 51 en
775 1688 87 51 ce
819 1688 116 51 sens
892 1688 87 51 il
935 1688 102 51 est
994 1688 204 51 impossible
1154 1688 87 51 de
1197 1688 145 51 blâmer
1285 1688 145 51 Beaumar-

451 1713 136 61 chais.
547 1713 82 61 Il
587 1713 109 61 faut
655 1713 122 61 qu’il
737 1713 122 61 fasse
818 1713 122 61 jouer
900 1713 95 61 son
954 1713 150 61 Barbier
1063 1713 82 61 de
1104 1713 150 61 Séville
1213 1713 82 61 et
1253 1713 122 61 qu’il
1335 1713 95 61 rie
1376 1713 54 61 en

453 1747 109 59 jous
522 1747 151 59 faisant
631 1747 164 59 rire...»
754 1747 82 59 Il
795 1747 123 59 parle
878 1747 151 59 ensuite
987 1747 82 59 du
1028 1747 192 59 malheureux
1179 1747 82 59 La
1220 1747 178 59 Chalotais
1343 1747 82 59 (que

443 1780 83 57 le
485 1780 97 57 duc
540 1780 208 57 d’Aiguillon
707 1780 139 57 venait
804 1780 83 57 de
846 1780 125 57 jeter
929 1780 83 57 en
971 1780 167 57 prison).
1096 1780 69 57 —
1124 1780 83 57 En
1165 1780 125 57 marge
1248 1780 83 57 de
1290 1780 83 57 la
1318 1780 111 57 lettre

451 1819 84 58 on
493 1819 140 58 trouve
591 1819 168 58 quelques
718 1819 211 58 annotations
886 1819 84 58 du
928 1819 183 58 chevalier
1055 1819 140 58 Delisle.

757 1931 81 61 ),
797 1931 135 61 érudit
891 1931 81 61 et
932 1931 216 61 littérateur.
1107 1931 148 61 Article
1215 1931 108 61 aut.
1283 1931 121 61 sig.,
1350 1931 81 61 avec

444 1944 230 53 ASSELINEAU
608 1944 164 53 (Charles

759 1971 83 58 13
801 1971 83 58 p.
842 1971 124 58 in-4.
925 1971 207 58 Intéressant
1090 1971 152 58 article
1187 1971 248 58 bibliographique.

448 1988 150 49 ratures
558 1988 82 49 et
585 1988 191 49 corrections,

1340 2002 123 42 4
1365 2002 74 42 »

454 2037 182 66 BONAPARTE,
597 2037 143 66 premier
701 2037 143 66 consul.
805 2037 130 66 Brevet
896 2037 117 66 sig.,
973 2037 91 66 sur
1025 2037 130 66 vélin,
1116 2037 156 66 contres.
1220 2037 208 66 Berthie

456 2071 77 64 et
495 2071 219 64 Maret;
675 2071 77 64 an
713 2071 77 64 X,
752 2071 64 64 1
777 2071 77 64 p.
816 2071 141 64 in-fol.
919 2071 141 64 oblong,
1022 2071 141 64 cachet,
1125 2071 103 64 vig.
1189 2071 77 64 et
1227 2071 103 64 tête
1292 2071 116 64 impr.
1369 2071 64 64 3
1382 2071 51 64 50

458 2103 195 66 CHÉRUBINI
608 2103 135 66 (L.),
698 2103 165 66 célèbre
818 2103 225 66 compositeur
997 2103 90 66 de
1042 2103 180 66 musique,
1177 2103 150 66 membre
1282 2103 90 66 de
1312 2103 120 66 l’Ins-

453 2142 121 61 titut.
537 2142 109 61 L.
610 2142 121 61 a
694 2142 85 61 s<.
743 2142 60 61 à
767 2142 85 61 Mme
815 2142 145 61 Servois;
924 2142 121 61 Paris,
1008 2142 72 61 15
1045 2142 85 61 mai
1093 2142 109 61 1830,
1165 2142 60 61 2
1190 2142 72 61 p.
1226 2142 109 61 in-8.
1286 2142 145 61 Très

1356 2176 85 39 4
1373 2176 68 39 50

450 2202 98 38 lettre.

451 2205 148 71 DUPONT
555 2205 104 71 (le
614 2205 163 71 comte),
732 2205 178 71 général,
866 2205 148 71 fameux
969 2205 104 71 par
1029 2205 89 71 la
1073 2205 222 71 malheureuse
1236 2205 207 71 capitulation

459 2250 77 55 de
498 2250 140 55 Baylen,
600 2250 153 55 ministre
715 2250 77 55 de
753 2250 77 55 la
791 2250 128 55 guerre
880 2250 77 55 en
919 2250 115 55 1814.
995 2250 115 55 L.
1072 2250 128 55 a
1161 2250 77 55 s.
1200 2250 77 55 au
1238 2250 102 55 cit.
1289 2250 153 55 Chauvelin;

1401 2286 38 37 7

1295 2281 105 43 6

770 2285 127 57 VIII,
854 2285 70 57 2
883 2285 84 57 p.
925 2285 127 57 in-8,
1009 2285 113 57 tête
1065 2285 99 57 impr.

449 2294 153 50 Turin,
556 2294 92 50 16
602 2294 184 50 messidor
725 2294 61 50 an

772 2311 167 62 L’armée
893 2311 76 62 a
924 2311 152 62 appris
1030 2311 122 62 avec
1106 2311 228 62 ravissement
1274 2311 167 62 l’enthou

656 2341 123 31 —

486 2334 176 47 Curieuse
604 2334 132 47 épître.

461 2354 139 59 siasme
558 2354 97 59 que
614 2354 83 59 la
655 2354 167 59 nouvelle
780 2354 83 59 de
822 2354 83 59 la
864 2354 167 59 victoire
989 2354 83 59 de
1030 2354 153 59 Marengo
1141 2354 69 59 a
1169 2354 139 59 excité
1266 2354 111 59 dans
1322 2354 111 59 Paris.

465 2387 202 50 «Bonaparte
623 2387 72 50 a
652 2387 130 50 écrit
739 2387 87 50 du
782 2387 130 50 champ
869 2387 87 50 de
912 2387 173 50 bataille
1042 2387 101 50 une
1100 2387 130 50 belle
1186 2387 87 50 et
1230 2387 130 50 forte
1316 2387 144 50 lettre
1403 2387 43 50 à
