1298 2038
572 0 66 81 —
598 0 79 81 13
625 0 40 81 —

146 64 159 81 27699
252 64 212 81 POLIGNAC
411 64 212 81 (Armand,
570 64 123 81 duc
640 64 141 81 de),
728 64 159 81 frère
834 64 106 81 du
887 64 247 81 précédent,
1063 64 159 81 compro-

142 127 131 61 mis
217 127 150 61 dans
311 127 112 61 le
367 127 187 61 procès
498 127 112 61 de
554 127 206 61 Georges
703 127 243 61 Cadoudal,
890 127 224 61 condamné
1058 127 93 61 à
1077 127 131 61 mort,

140 167 146 68 puis
231 167 200 68 gracié,
376 167 218 68 maréchal
540 167 109 68 de
595 167 146 68 camp
686 167 146 68 sous
776 167 164 68 Louis
886 167 182 68 XVIII.
1013 167 91 68 —
1049 167 109 68 L.
1104 167 109 68 a.
1140 167 73 68 s.

143 202 104 64 au
195 202 260 64 prince....;
403 202 226 64 Vincennes
576 202 121 64 (où
646 202 104 64 il
698 202 156 64 était
802 202 208 64 detenu),
958 202 104 64 21
1010 202 139 64 juin
1080 202 121 64 1808.

143 261 65 62 1
169 261 78 62 p.
208 261 91 62 1/2
260 261 117 62 in-4.
338 261 65 62 7
351 261 52 62 50

180 267 167 81 Curieuse
306 267 139 81 lettre
403 267 84 81 où
445 267 84 81 il
487 267 153 81 demande
598 267 112 81 pour
668 267 98 81 son
724 267 126 81 frère
808 267 84 81 et
849 267 112 81 pour
919 267 98 81 lui
975 267 84 81 la
1017 267 195 81 permission
1156 267 56 81 de

154 345 81 39 se
194 345 121 39 fixer
274 345 81 39 en
315 345 134 39 France
409 345 121 39 après
489 345 107 39 leur
556 345 134 39 sortie
650 345 81 39 de
677 345 121 39 prison.

515 352 67 84 27700.
562 352 61 84 POZZO
603 352 40 84 DI
623 352 67 84 BORGO.
670 352 34 84 —
684 352 40 84 L.
704 352 40 84 a.
724 352 47 84 s.,
751 352 34 84 1
764 352 40 84 p.
785 352 61 84 in-8.
825 352 34 84 3
832 352 20 84 »

549 390 112 91 21701.
627 390 135 91 PROUDHON
728 390 123 91 (P.-J.)
818 390 67 91 L.
852 390 67 91 a.
886 390 67 91 s.
919 390 56 91 à
942 390 79 91 MM.
987 390 123 91 Bouvard
1076 390 67 91 et
1099 390 112 91 Monnier;

158 450 97 66 Paris,
226 450 49 66 6
246 450 88 66 sept.
304 450 88 66 1853,
363 450 49 66 1
382 450 58 66 p.
412 450 68 66 pl.
451 450 88 66 in-8.
509 450 49 66 6
519 450 29 66 »

196 499 90 54 Relative
263 499 37 54 à
278 499 45 54 la
300 499 112 54 publication
390 499 60 54 d’un
428 499 45 54 de
450 499 52 54 ses
473 499 67 54 livres.

558 510 65 85 27702.
603 510 90 85 RÉVOLUTION
674 510 39 85 DE
693 510 58 85 1848.
732 510 32 85 —
745 510 39 85 L.
764 510 52 85 sig.
797 510 45 85 par
823 510 116 85 Greppo
919 510 103 85 Faure
1004 510 39 85 et
1016 510 78 85 Na

157 573 202 51 daud
318 573 67 51 à
345 573 121 51 Louis
426 573 135 51 Blanc;
520 573 148 51 (1850),
628 573 67 51 4
655 573 81 51 p.
695 573 121 51 in-8.
776 573 81 51 10
803 573 40 51 »

194 592 147 76 Adresse
300 592 93 76 des
354 592 227 76 représentants
541 592 160 76 ouvriers
661 592 80 76 de
701 592 200 76 l’Assemblée
861 592 200 76 législative
1022 592 107 76 pour
1075 592 147 76 féliciter

155 648 120 49 Louis
235 648 120 49 Blanc
314 648 80 49 de
354 648 93 49 son
408 648 146 49 journal
514 648 80 49 le
554 648 333 49 Nouveau-Monde
847 648 93 49 Ils
900 648 146 49 tracent
1007 648 80 49 un
1047 648 107 49 plan
1113 648 80 49 de
1140 648 80 49 con-

159 670 126 60 duite
243 670 84 60 et
285 670 154 60 disent,
398 670 84 60 en
440 670 197 60 terminant:
594 670 98 60 «Il
650 670 112 60 faut
721 670 98 60 que
777 670 84 60 le
819 670 211 60 socialisme,
987 670 183 60 désormais
1114 670 112 60 assuré

158 714 82 46 de
199 714 82 46 la
240 714 178 46 victoire,
377 714 164 46 présente
500 714 96 46 ses
554 714 123 46 plans
636 714 246 46 d’organisation
827 714 137 46 future.»

544 729 108 80 27703.
620 729 129 80 VILLEROI
717 729 129 80 (Nicolàs
814 729 65 80 de
846 729 129 80 NEUVILLE
943 729 86 80 de).
997 729 65 80 L.
1029 729 65 80 a.
1061 729 65 80 s.
1094 729 54 80 à
1115 729 65 80 M.
1148 729 65 80 de
1169 729 54 80 Né-

161 786 189 57 restang;
303 786 205 57 Bordeaux,
461 786 95 57 12
508 786 174 57 octobre
634 786 142 57 1615,
729 786 79 57 1
761 786 95 57 p.
808 786 174 57 in-fol.
934 786 95 57 20
966 786 47 57 »

197 803 130 81 Pièce
283 803 202 81 historique
442 803 87 81 où
486 803 87 81 il
529 803 130 81 mande
616 803 101 81 que
674 803 145 81 chacun
775 803 116 81 loue
847 803 87 81 le
890 803 173 81 maréchal
1021 803 159 81 d’Ancre
1136 803 87 81 de
1165 803 58 81 sa

163 859 167 57 conduite
288 859 111 57 pour
358 859 83 57 la
400 859 223 57 conservation
580 859 83 57 de
622 859 97 57 son
678 859 223 57 gouvernement
858 859 83 57 de
900 859 181 57 Picardie.
1039 859 83 57 Il
1081 859 125 57 donne
1150 859 70 57 des

168 890 183 53 nouvelles
309 890 240 53 intéressantes
506 890 85 53 de
549 890 155 53 l’armée
662 890 155 53 royale.
775 890 99 53 Les
831 890 155 53 ennemis
944 890 155 53 veulent
1057 890 169 53 empêcher
1170 890 56 53 le

164 927 156 69 passage
277 927 85 69 du
320 927 99 69 Roi
377 927 71 69 à
405 927 171 69 Bayonne,
533 927 114 69 mais
604 927 85 69 on
647 927 114 69 leur
718 927 156 69 passera
832 927 99 69 sur
889 927 85 69 le
917 927 128 69 ventre.

393 1055 292 60 ANGLETERRE
623 1055 125 60 BT
664 1055 209 60 AMÉRIQUE

174 1116 78 80 27704.
229 1116 93 80 BENTINCK
299 1116 70 80 (lord
345 1116 140 80 Guill.-Henri).
462 1116 39 80 —
477 1116 47 80 L.
501 1116 47 80 a.
524 1116 54 80 s.,
555 1116 47 80 en
579 1116 101 80 français,
656 1116 47 80 (à
672 1116 31 80 B.

167 1188 53 63 de
194 1188 160 63 Saint-Pierre);
327 1188 116 63 Falmouth,
416 1188 53 63 16
443 1188 80 63 janv.
496 1188 80 63 1796,
550 1188 44 63 4
567 1188 53 63 p.
594 1188 62 63 pl.
621 1188 62 63 in

1110 1214 157 44 6
1141 1214 94 44 »

201 1237 131 79 Lettre
293 1237 92 79 des
345 1237 105 79 plus
411 1237 170 79 curieuses
542 1237 92 79 sur
594 1237 92 79 ses
647 1237 170 79 Etudes
778 1237 79 79 de
817 1237 79 79 la
844 1237 170 79 Nature

174 1292 163 58 27705.
288 1292 245 58 BOLINGBROKE
484 1292 163 58 (Henry
598 1292 261 58 SAINT-JOHN),
810 1292 180 58 célèbre
941 1292 196 58 écrivain
1088 1292 98 58 et
1121 1292 114 58 homme

164 1333 180 65 d’état.
295 1333 82 65 —
328 1333 98 65 L.
377 1333 148 65 aut.,
475 1333 98 65 en
525 1333 213 65 français,
689 1333 98 65 (à
738 1333 164 65 l’abbé
853 1333 180 65 Alary);
984 1333 98 65 12
1033 1333 148 65 avril
1115 1333 115 65 1722,

173 1379 63 59 3
199 1379 75 59 p.
236 1379 88 59 1/2
287 1379 113 59 in-4.
362 1379 75 59 30
387 1379 38 59 »

202 1402 276 65 Très-intéressante
439 1402 132 65 lettre
531 1402 118 65 toute
610 1402 158 65 relative
728 1402 66 65 à
754 1402 79 65 sa
781 1402 197 65 bibliothèque.

178 1455 130 63 27706.
269 1455 142 63 BOLIVAR
372 1455 155 63 (Simon),
489 1455 78 63 le
528 1455 181 63 libérateur
670 1455 78 63 du
709 1455 130 63 Pérou.
800 1455 65 63 —
826 1455 78 63 L.
864 1455 91 63 s.,
903 1455 78 63 avec

174 1490 385 69 post-scriptum
511 1490 96 69 de
559 1490 96 69 12
607 1490 160 69 lignes
720 1490 144 69 aut.,
816 1490 96 69 au
864 1490 96 69 Dr
912 1490 193 69 Vergura;
1040 1490 193 69 Guayaquil,

183 1543 74 61 10
220 1543 99 61 sep.
282 1543 112 61 1829,
356 1543 62 61 2
381 1543 74 61 p.
418 1543 112 61 in-4.
493 1543 198 61 Rare
654 1543 74 61 20
679 1543 37 61 »

177 1571 124 72 27707.
263 1571 124 72 BULWER
350 1571 99 72 (Ed.
412 1571 149 72 LYTTON),
524 1571 74 72 le
561 1571 137 72 célèbre
661 1571 174 72 romancier.
797 1571 62 72 —
822 1571 74 72 L.
859 1571 74 72 a.
897 1571 74 72 s.
921 1571 50 72 au

170 1630 182 52 libraire
306 1630 167 52 Baudry,
428 1630 76 52 1
458 1630 91 52 p.
503 1630 136 52 in-8.
594 1630 76 52 6
610 1630 45 52 »

180 1656 160 69 27708.
292 1656 224 69 CHRISTOPHE
468 1656 192 69 (Henry),
612 1656 128 69 chef
693 1656 112 69 des
757 1656 144 69 noirs
853 1656 96 69 de
901 1656 304 69 Saint-Domingue.
1141 1656 48 69 —

176 1708 92 60 P.
222 1708 107 60 s.;
283 1708 92 60 30
329 1708 199 60 fructidor
481 1708 92 60 an
527 1708 107 60 VI,
588 1708 76 60 1
619 1708 92 60 p.
665 1708 168 60 in-fol.
787 1708 76 60 5
802 1708 46 60 »

176 1754 168 54 27709.
294 1754 202 54 CONGREVE
446 1754 152 54 (W.),
547 1754 236 54 ingénieur,
732 1754 219 54 inventeur
900 1754 118 54 des
968 1754 168 54 fusées
1085 1754 118 54 qui
1136 1754 101 54 por-

180 1789 155 73 tent
276 1789 135 73 son
354 1789 155 73 nom.
450 1789 97 73 —
489 1789 116 73 L.
547 1789 116 73 a.
605 1789 135 73 s.;
682 1789 116 73 26
740 1789 155 73 août
837 1789 174 73 1819,
953 1789 97 73 4
992 1789 116 73 p.
1050 1789 135 73 pl.
1108 1789 135 73 in

1134 1825 109 47 7
1156 1825 87 47 50

210 1869 220 63 Intéressante
389 1869 137 63 lettre
485 1869 179 63 contenant
622 1869 96 63 une
677 1869 137 63 figure
773 1869 82 63 de
801 1869 151 63 machines.

41 1896 183 78 27710.
169 1896 183 78 COOPER
296 1896 274 78 (Fenimore),
516 1896 383 78 legrandromancier.
844 1896 128 78 —L.
917 1896 110 78 a.
972 1896 110 78 s.
1027 1896 91 78 à
1063 1896 110 78 M.
1100 1896 146 78 Morse,

185 1961 86 61 1/2
234 1961 74 61 p.
271 1961 111 61 in-8.
345 1961 61 61 7
357 1961 49 61 50
