1635 2922
133 166 155 94 «de
222 166 266 94 l’appel,
421 166 133 94 où
488 166 133 94 en
554 166 200 94 somes
688 166 200 94 nous?
821 166 133 94 Ne
887 166 178 94 nous
998 166 289 94 déclarons
1220 166 178 94 nous
1331 166 155 94 pas
1398 166 133 94 pous

131 247 256 59 «mesmes
317 247 233 59 contre
480 247 233 59 nostre
643 247 233 59 propre
806 247 326 59 conduitte,
1062 247 140 59 ne
1109 247 419 59 souscriuons

130 301 180 53 «pas
243 301 113 53 à
288 301 135 53 la
356 301 248 53 nullité
536 301 135 53 de
604 301 158 53 nos
694 301 406 53 censures......
1033 301 135 53 Au
1100 301 158 53 nom
1191 301 135 53 de
1258 301 180 53 Dieu
1349 301 180 53 prenés

133 338 144 64 «la
216 338 185 64 cause
339 338 123 64 de
400 338 246 64 l’Eglise
585 338 123 64 en
647 338 205 64 mains,
791 338 246 64 soutenés
975 338 144 64 là,
1058 338 267 64 deffendés
1263 338 144 64 là,
1325 338 205 64 éloignés

133 394 146 57 «de
216 394 167 57 nous
321 394 146 57 une
404 394 208 57 fausse
550 394 167 57 paix
654 394 146 57 qui
737 394 250 57 n’auroit
924 394 167 57 rien
1028 394 125 57 de
1091 394 187 57 réel,
1216 394 125 57 et
1278 394 146 57 qui
1341 394 187 57 annéan-

134 418 98 82 «
174 418 197 82 tiroit
311 418 118 82 la
371 418 236 82 religion
548 418 118 82 en
607 418 217 82 France.
764 418 138 82 Nos
843 418 118 82 P.
902 418 118 82 P.
961 418 118 82 de
1020 418 276 82 l’Oratoire
1237 418 157 82 plus
1335 418 157 82 vifs
1414 418 118 82 dans

133 484 151 58 «ce
219 484 172 58 pais
326 484 129 58 de
391 484 215 58 poudre
541 484 129 58 et
606 484 129 58 de
670 484 258 58 salpêtre
864 484 215 58 qu’ils
1014 484 129 58 ne
1079 484 129 58 le
1143 484 172 58 sont
1251 484 237 58 partout
1401 484 129 58 ail-

134 525 236 69 «leurs,
305 525 214 69 disent
455 525 150 69 ici
541 525 322 69 ouvertement
798 525 214 69 qu’ils
948 525 257 69 pourront
1141 525 172 69 bien
1248 525 172 69 tous
1334 525 193 69 signer,

133 585 197 56 «mais
264 585 219 56 qu’ils
417 585 131 56 ne
483 585 306 56 changeront
723 585 219 56 jamais
876 585 131 56 de
942 585 306 56 sentimens.
1182 585 131 56 Un
1248 585 131 56 de
1313 585 197 56 leurs
1423 585 109 56 es-

133 612 247 72 «coliers
319 612 206 72 disoit
463 612 226 72 l’autre
627 612 165 72 jour
730 612 103 72 à
771 612 123 72 un
833 612 247 72 chanoine
1018 612 185 72 d’une
1141 612 123 72 de
1203 612 144 72 nos
1265 612 267 72 collégiales

133 666 208 71 «qu’il
279 666 125 71 se
342 666 250 71 confesse
529 666 104 71 à
571 666 188 71 Dieu,
696 666 125 71 et
758 666 146 71 que
842 666 167 71 cela
946 666 229 71 suffit,
1112 666 125 71 un
1175 666 188 71 autre
1300 666 229 71 soutint
1446 666 83 71 il

130 730 113 53 «
176 730 113 53 y
221 730 113 53 a
266 730 136 53 un
334 730 181 53 mois
447 730 158 53 que
537 730 136 53 la
605 730 226 53 sainte
763 730 226 53 Vierge
921 730 158 53 est
1011 730 158 53 une
1102 730 203 53 femme
1237 730 181 53 come
1350 730 158 53 les
1418 730 113 53 au-

132 762 212 68 «tres.
280 762 127 68 Je
344 762 169 68 sçai
449 762 148 68 par
534 762 169 68 voie
640 762 191 68 sure,
767 762 169 68 mais
873 762 148 68 qui
957 762 127 68 ne
1021 762 169 68 peut
1127 762 212 68 seruir
1275 762 127 68 de
1317 762 212 68 preuues,

133 803 172 75 «que
240 803 150 75 ces
326 803 193 75 pères
455 803 172 75 sans
562 803 215 75 aucune
713 803 322 75 approbation
970 803 301 75 confessent
1207 803 193 75 leurs
1314 803 215 75 affidés,

134 868 146 59 «et
218 868 125 59 ie
280 868 125 59 le
343 868 167 59 sçai
447 868 146 59 par
531 868 146 59 une
614 868 188 59 femme
740 868 146 59 qui
823 868 146 59 s’y
907 868 146 59 est
990 868 167 59 elle
1095 868 188 59 mesme
1220 868 271 59 confessée
1429 868 125 59 et
1470 868 63 59 a

130 907 178 67 «qui
241 907 133 67 un
308 907 133 67 de
374 907 156 67 ces
463 907 311 67 sacrilèges
708 907 311 67 directeurs
952 907 178 67 fist
1063 907 200 67 après
1197 907 156 67 une
1263 907 267 67 confession

132 965 233 50 «baiser
301 965 127 50 sa
365 965 191 50 main,
492 965 318 50 malheureuse
747 965 254 50 relique,
937 965 191 50 etc.,
1065 965 191 50 etc.,
1171 965 148 50 etc.»

82 977 197 97 1502.
214 977 307 97 Berriat
455 977 395 97 Saint-Prix
784 977 263 97 légiste,
981 977 351 97 commentateur
1266 977 132 97 de
1310 977 219 97 Boileau.

127 1047 150 62 L.
202 1047 200 62 aut.
327 1047 225 62 sig.,
478 1047 125 62 à
528 1047 150 62 M.
603 1047 276 62 Auguis.
803 1047 150 62 26
879 1047 175 62 mai
979 1047 225 62 1843.
1129 1047 125 62 1
1179 1047 150 62 p.
1254 1047 251 62 in-18.
1430 1047 125 62 2
1455 1047 75 62 »

82 1082 189 92 1503.
208 1082 399 92 Berryer,
544 1082 231 92 avocat,
712 1082 231 92 député.
880 1082 126 92 L.
943 1082 168 92 aut.
1048 1082 189 92 sig.,
1174 1082 105 92 à
1216 1082 147 92 Mme
1300 1082 126 92 la
1342 1082 189 92 baronne

121 1141 306 54 Héber.
335 1141 306 54 Paris,
550 1141 214 54 1er
672 1141 367 54 janvier.
947 1141 153 54 1
1008 1141 183 54 p.
1100 1141 214 54 pl.
1222 1141 275 54 in-8.
1406 1141 153 54 2
1436 1141 92 54 »

84 1185 171 86 1504.
198 1185 361 86 Besenval
502 1185 133 86 (le
578 1185 171 86 baron
692 1185 152 86 de),
787 1185 190 86 auteur
921 1185 114 86 de
978 1185 361 86 Mémoires
1282 1185 133 86 sur
1358 1185 114 86 la
1396 1185 133 86 Révo

130 1237 244 59 lution.
308 1237 133 59 L.
374 1237 178 59 aut.
485 1237 200 59 sig.,
619 1237 111 59 à
663 1237 133 59 M.
730 1237 267 59 Bertier,
930 1237 289 59 intendant
1152 1237 133 59 de
1219 1237 222 59 Paris.
1352 1237 178 59 Paris,

111 1269 250 78 24
236 1269 333 78 mars
444 1269 375 78 1783.
694 1269 208 78 1
778 1269 250 78 p.
902 1269 291 78 pl.
1069 1269 375 78 in-4.
1319 1269 208 78 3
1360 1269 167 78 50

83 1328 194 86 1505.
213 1328 432 86 Bethmont,
580 1328 238 86 avocat.
753 1328 130 86 L.
818 1328 173 86 aut.
925 1328 194 86 sig.,
1055 1328 108 86 à
1098 1328 130 86 M.
1163 1328 216 86 Corne,
1293 1328 238 86 procureur

132 1379 275 80 général.
338 1379 229 80 Paris,
499 1379 115 80 9
545 1379 275 80 juillet,
751 1379 206 80 1848.
888 1379 115 80 2
934 1379 138 80 p.
1003 1379 160 80 pl.
1095 1379 138 80 et
1163 1379 206 80 demie
1301 1379 206 80 in-8.
1438 1379 115 80 3
1461 1379 69 80 »

177 1419 205 79 Lettre
320 1419 328 79 intéressante
586 1419 123 79 au
647 1419 184 79 sujet
770 1419 164 79 d’un
873 1419 246 79 étranger
1057 1419 164 79 qui,
1159 1419 164 79 dans
1262 1419 143 79 les
1323 1419 205 79 journées

135 1476 123 60 de
197 1476 185 60 juin,
320 1476 103 60 a
361 1476 144 60 été
443 1476 205 60 blessé
587 1476 164 60 dans
689 1476 144 60 les
771 1476 185 60 rangs
894 1476 123 60 de
956 1476 123 60 la
1017 1476 185 60 garde
1140 1476 287 60 nationale,
1366 1476 123 60 et
1407 1476 123 60 qui,

136 1523 288 91 transporté
362 1523 103 91 à
403 1523 349 91 l’Hôtel-Dieu,
691 1523 103 91 a
732 1523 144 91 été
814 1523 185 91 placé
937 1523 144 91 par
1020 1523 205 91 erreur
1163 1523 164 91 dans
1266 1523 123 91 la
1328 1523 185 91 salle
1430 1523 103 91 des

106 1576 251 60 insurgés.

85 1615 183 95 1506.
207 1615 366 95 Béthune
512 1615 163 95 (Mme
614 1615 163 95 de),
715 1615 142 95 née
797 1615 122 95 de
858 1615 244 95 Tresmes.
1041 1615 122 95 L.
1102 1615 163 95 aut.
1204 1615 183 95 sig.,
1326 1615 102 95 à
1366 1615 122 95 M.
1407 1615 122 95 Bri

110 1664 429 63 cault.
411 1664 429 63 17....
711 1664 215 63 2
797 1664 258 63 p.
926 1664 301 63 pl.
1098 1664 386 63 in-4.
1355 1664 215 63 2
1398 1664 129 63 »

81 1717 194 87 1507.
211 1717 366 87 Bignon
512 1717 430 87 (Louis-Edouard),
878 1717 344 87 ambassadeur,
1157 1717 258 87 ministre
1329 1717 194 87 d’Etat.

127 1768 140 56 L.
197 1768 187 56 aut.
313 1768 210 56 sig.,
453 1768 117 56 à
500 1768 140 56 M.
570 1768 233 56 Firmin
733 1768 233 56 Didot.
896 1768 140 56 20
966 1768 280 56 juillet.
1176 1768 117 56 1
1223 1768 140 56 p.
1293 1768 210 56 in-4.
1433 1768 117 56 2
1456 1768 70 56 »

83 1812 183 85 1508.
205 1812 366 85 Birague
510 1812 183 85 (René
632 1812 163 85 de),
734 1812 285 85 chancelier
957 1812 122 85 de
1018 1812 224 85 France.
1181 1812 203 85 Quitt.
1324 1812 163 85 sig.
1405 1812 122 85 (sur

128 1855 254 68 parch.),
319 1855 127 68 de
382 1855 127 68 la
446 1855 191 68 somme
573 1855 127 68 de
637 1855 106 68 4
679 1855 148 68 500
764 1855 212 68 livres
912 1855 276 68 tournois.
1124 1855 127 68 26
1188 1855 191 68 sept.
1315 1855 191 68 1577.
1442 1855 106 68 3
1463 1855 64 68 »

87 1901 175 85 1509.
203 1901 311 85 Biron
456 1901 156 85 (Mme
554 1901 156 85 de).
651 1901 117 85 L.
709 1901 156 85 aut.
807 1901 175 85 sig.,
924 1901 97 85 à
962 1901 117 85 M.
1021 1901 117 85 Le
1079 1901 234 85 Rebours,
1254 1901 253 85 intendant
1430 1901 97 85 des

126 1965 309 62 finances.
364 1965 238 62 Paris,
530 1965 143 62 13
601 1965 285 62 novembre
815 1965 214 62 17...
958 1965 119 62 2
1005 1965 143 62 p.
1077 1965 214 62 in-4.
1219 1965 261 62 Cachet.
1409 1965 119 62 2
1433 1965 95 62 50

81 1986 197 86 1510.
212 1986 438 86 Boisgelin
585 1986 175 86 (Mme
694 1986 131 86 de
760 1986 306 86 Boufflers,
1001 1986 263 86 comtesse
1198 1986 175 86 de),
1307 1986 175 86 dame
1395 1986 131 86 pour

128 2037 333 72 accompagner
394 2037 222 72 madame
549 2037 289 72 Victoire,
771 2037 200 72 tante
905 2037 133 72 de
971 2037 200 72 Louis
1104 2037 178 72 XVI.
1215 2037 133 72 L.
1282 2037 178 72 aut.
1371 2037 155 72 sig.,

113 2106 186 59 à
187 2106 297 59 M...
373 2106 372 59 Paris.
633 2106 223 59 18
745 2106 334 59 mars.
968 2106 186 59 2
1042 2106 223 59 p.
1153 2106 334 59 in-4.
1376 2106 186 59 2
1414 2106 111 59 »

84 2148 178 82 1511.
203 2148 356 82 Bonjour
499 2148 277 82 (Casimir),
716 2148 198 82 auteur
855 2148 296 82 dramatique.
1092 2148 119 82 L.
1151 2148 158 82 aut.
1250 2148 178 82 sig.,
1368 2148 99 82 à
1408 2148 119 82 M.
1447 2148 79 82 de

127 2188 368 81 Ladoucette.
422 2188 147 81 22
496 2188 221 81 avril
643 2188 221 81 1844.
790 2188 221 81 Jolie
937 2188 245 81 lettre
1109 2188 368 81 littéraire.
1403 2188 123 81 2
1428 2188 98 81 50

84 2236 178 98 1512.
203 2236 395 98 Boufflers
539 2236 158 98 (Mme
637 2236 119 98 de
697 2236 237 98 Beauveau
874 2236 158 98 de).
973 2236 119 98 L.
1032 2236 158 98 aut.
1131 2236 178 98 sig.,
1250 2236 99 98 à
1289 2236 198 98 Mgr...
1408 2236 119 98 Com-

110 2286 392 62 merci,
384 2286 235 62 28
502 2286 314 62 août
698 2286 353 62 17...
933 2286 196 62 2
1011 2286 235 62 p.
1129 2286 353 62 in-4.
1364 2286 196 62 3
1403 2286 118 62 »

85 2317 182 102 1513.
206 2317 405 102 Boufffers
551 2317 162 102 (Mme
652 2317 263 102 Henriette
855 2317 122 102 de
915 2317 223 102 Laujon,
1077 2317 243 102 comtesse
1260 2317 162 102 de),
1361 2317 122 102 L.
1401 2317 122 102 aut.

125 2376 221 90 sig.,
273 2376 123 90 à
322 2376 196 90 M...
445 2376 147 90 28
518 2376 196 90 mars
641 2376 221 90 1776.
788 2376 123 90 6
838 2376 147 90 p.
911 2376 172 90 pl.
1009 2376 196 90 aut.
1132 2376 221 90 sig.,
1279 2376 221 90 in-4.
1427 2376 123 90 6
1451 2376 74 90 »

179 2430 252 79 Curieuse
368 2430 210 79 lettre
515 2430 126 79 au
577 2430 189 79 sujet
703 2430 126 79 de
766 2430 398 79 l’établissement
1102 2430 168 79 d'un
1206 2430 147 79 jeu
1290 2430 126 79 de
1332 2430 189 79 Pharaon

126 2487 145 66 au
174 2487 217 66 Temple.

82 2505 183 101 1514.
204 2505 366 101 Bouhier
509 2505 163 101 (Mme
611 2505 122 101 la
672 2505 325 101 présidente).
936 2505 203 101 Quitt.
1078 2505 163 101 aut.
1180 2505 163 101 sig,
1282 2505 122 101 de
1343 2505 122 101 la
1384 2505 142 101 somme

129 2572 144 67 dé
201 2572 168 67 200
297 2572 192 67 liv.
418 2572 168 67 dix
514 2572 216 67 sous.
658 2572 241 67 Dijon,
826 2572 120 67 2
875 2572 192 67 déc.
995 2572 216 67 1761.
1139 2572 120 67 1
1187 2572 144 67 p.
1259 2572 216 67 in-8.
1404 2572 120 67 2
1428 2572 96 67 50

85 2617 172 83 1515.
200 2617 421 83 Bourrienne,
564 2617 268 83 secrétaire
774 2617 115 83 de
832 2617 249 83 Napoléon,
1023 2617 191 83 député
1157 2617 115 83 de
1195 2617 326 83 l'Yonne

110 2677 265 54 L.
242 2677 353 54 aut.
463 2677 353 54 sig.
683 2677 220 54 1
771 2677 265 54 p.
904 2677 309 54 pl.
1080 2677 397 54 in-4.
1345 2677 220 54 3
1389 2677 132 54 »

85 2716 182 81 1516.
206 2716 344 81 Bourru
489 2716 243 81 (E.-C.),
671 2716 182 81 doyen
793 2716 121 81 de
853 2716 121 81 la
914 2716 223 81 Faculté
1076 2716 121 81 de
1137 2716 243 81 médecine
1319 2716 121 81 de
1359 2716 162 81 Paris.

132 2756 242 96 Discours
314 2756 182 96 (aut.
435 2756 182 96 sig.,
556 2756 121 96 en
616 2756 182 96 tête)
738 2756 162 96 pour
838 2756 303 96 l’ouverture
1081 2756 121 96 de
1141 2756 121 96 la
1202 2756 202 96 séance
1323 2756 202 96 publique
