1129 2199
528 -3 53 53 —
550 -3 53 53 3
560 -3 32 53 —

118 46 120 64 chef,
198 46 161 64 décapité
318 46 80 64 en
359 46 120 64 1793.
439 46 120 64 L.
519 46 80 64 a.
559 46 80 64 s.
599 46 80 64 le
640 46 94 64 duc
693 46 80 64 de
733 46 201 64 Lauzun;
894 46 134 64 Paris,
988 46 80 64 15
1014 46 94 64 déc.-

119 96 154 49 1779,
221 96 85 49 2
256 96 103 49 p.
307 96 154 49 in-4.
410 96 85 49 2
427 96 68 49 50

117 135 108 59 20025
189 135 169 59 BONAPARTE,
322 135 132 59 général
418 135 193 59 d’artillerie
574 135 60 59 à
598 135 132 59 l’armée
695 135 156 59 d’Italie.
815 135 108 59 L.
887 135 72 59 s.
911 135 193 59 Buonaparte

116 183 102 42 aux
175 183 248 42 représentants
379 183 88 42 du
423 183 146 42 peuple
526 183 117 42 près
599 183 161 42 l’armée
715 183 190 42 d’Italie;
862 183 132 42 Nice,
949 183 88 42 27
978 183 132 42 thermi-

118 208 76 49 dor
162 208 65 49 an
194 208 76 49 II,
237 208 54 49 1
259 208 65 49 p.
292 208 76 49 pl.
335 208 119 49 in-fol.
422 208 65 49 20
443 208 33 49 »

111 249 131 46 Belle
199 249 87 46 et
242 249 203 46 importante
402 249 145 46 lettre
504 249 145 46 écrite
605 249 174 46 quelques
736 249 131 46 jours
823 249 131 46 avant
910 249 102 46 son
954 249 145 46 arresta-

113 283 123 38 tion.
196 283 82 38 Il
237 283 82 38 se
278 283 137 38 plaint
374 283 137 38 d’être
470 283 82 38 en
511 283 192 38 suspicion,
662 283 82 38 et
703 283 82 38 de
744 283 82 38 ne
785 283 96 38 pas
840 283 123 38 avoir
923 283 82 38 la
950 283 151 38 confiance

109 317 98 35 des
165 317 281 35 représentants...
404 317 127 35 «Dans
489 317 84 35 la
531 317 183 35 situation
671 317 84 35 de
713 317 169 35 l’armée,
840 317 84 35 je
882 317 84 35 ne
924 317 112 35 vous
995 317 84 35 ai
1023 317 70 35 pas

123 349 110 39 arlé
192 349 83 39 de
234 349 83 39 la
275 349 138 39 partie
372 349 262 39 administrative,
593 349 83 39 où
634 349 83 39 il
676 349 69 39 y
703 349 69 39 a
731 349 166 39 beaucoup
855 349 83 39 de
897 349 138 39 choses
993 349 69 39 à
1007 349 83 39 dire

109 382 148 40 depuis
213 382 134 40 qu’il
302 382 89 40 me
347 382 148 40 semble
450 382 104 40 que
510 382 119 40 j’ai
584 382 134 40 perdu
673 382 178 40 l’estime
806 382 104 40 des
866 382 119 40 âmes
940 382 163 40 libres;
1044 382 59 40 le

109 405 200 46 sentiment
263 405 92 46 de
309 405 92 46 ma
355 405 216 46 conscience
525 405 185 46 soutient
663 405 108 46 mon
725 405 108 46 âme
787 405 123 46 dans
864 405 92 46 le
910 405 154 46 calme,
1003 405 92 46 mais

114 441 101 45 les
171 441 201 45 sentiments
329 441 86 45 de
372 441 101 45 mon
430 441 115 45 cœur
501 441 115 45 sont
573 441 230 45 bouleversés,
760 441 86 45 et
803 441 86 45 je
846 441 115 45 sens
918 441 158 45 qu’avec
1018 441 72 45 une

110 470 112 41 tête
180 470 154 41 froide,
292 470 112 41 mais
362 470 84 41 un
405 470 112 41 cœur
475 470 140 41 chaud,
573 470 84 41 il
615 470 126 41 n’est
699 470 98 41 pas
755 470 168 41 possible
882 470 84 41 de
924 470 84 41 se
952 470 140 41 résoudre

105 506 73 41 à
135 506 131 41 vivre
222 506 189 41 longtemps
367 506 116 41 dans
439 506 87 41 la
468 506 218 41 suspicion...»

120 531 112 55 20026
194 531 162 55 BONAPARTE
319 531 162 55 (Jérôme),
443 531 87 55 roi
493 531 75 55 de
530 531 187 55 Westphalie.
679 531 112 55 L.
754 531 75 55 a.
791 531 124 55 s.
878 531 62 55 à
903 531 87 55 son
953 531 112 55 neveu
1015 531 75 55 (Na-

117 585 151 35 oléon
218 585 151 35 III);
318 585 218 35 Florence,
486 585 101 35 27
536 585 184 35 juillet
670 585 151 35 1846,
771 585 84 35 1
804 585 101 35 p.
855 585 117 35 pl.
922 585 151 35 in-8.
1022 585 101 35 13
1056 585 50 35 »

139 618 85 47 Il
181 618 100 47 lui
238 618 157 47 annonce
352 618 100 47 que
409 618 100 47 son
466 618 114 47 père
538 618 71 47 a
566 618 142 47 laissé
666 618 100 47 ses
723 618 171 47 affaires
851 618 85 47 en
894 618 142 47 ordre,
993 618 85 47 et
1022 618 71 47 lui

115 652 141 38 laisse
213 652 84 38 de
256 652 127 38 libre
340 652 70 38 à
368 652 98 38 peu
424 652 112 38 près
495 652 84 38 1,
537 652 155 38 200,000
649 652 98 38 fr.
705 652 84 38 Il
748 652 127 38 prend
832 652 141 38 toutes
930 652 98 38 les
972 652 127 38 mesures

110 689 114 42 pour
181 689 99 42 que
238 689 99 42 les
294 689 156 42 papiers
408 689 85 42 de
450 689 156 42 famille
564 689 85 42 ne
606 689 142 42 soient
706 689 99 42 vus
762 689 99 42 que
819 689 99 42 par
876 689 99 42 lui
933 689 85 42 ou
975 689 99 42 par
1018 689 85 42 son-

115 719 226 36 mandataire.
296 719 90 36 Il
341 719 90 36 va
386 719 181 36 demander
522 719 90 36 de
567 719 166 36 nouveau
688 719 90 36 au
733 719 196 36 grand-duc
884 719 90 36 la
914 719 181 36 permission

113 752 82 49 de
154 752 124 49 venir
237 752 137 49 passer
333 752 137 49 quatre
429 752 165 49 semaines
553 752 110 49 pour
622 752 137 49 régler
718 752 96 49 ses
773 752 179 49 affaires,
910 752 82 49 et
952 752 82 49 il
979 752 110 49 espère

115 782 99 39 que
172 782 85 39 sa
214 782 156 39 demande
328 782 114 39 sera
399 782 241 39 favorablement
583 782 185 39 accueillie.

115 809 110 65 20027
188 809 159 65 BONAPARTE
310 809 86 65 (le
359 809 122 65 prince
445 809 171 65 Napoléon),
579 809 159 65 sénateur,
701 809 98 65 fils
762 809 73 65 de
799 809 134 65 Jérôme.
897 809 110 65 L.
970 809 73 65 a.
994 809 98 65 s.

110 869 82 42 au
151 869 123 42 comte
233 869 178 42 Biançoli;
370 869 178 42 Florence,
506 869 82 42 17
547 869 109 42 mars
616 869 123 42 1846,
698 869 82 42 2,
739 869 82 42 p.
780 869 96 42 pl,
834 869 123 42 in-8,
902 869 96 42 enve-

118 887 95 44 loppe
182 887 63 44 et
213 887 116 44 cachet.
297 887 63 44 14
318 887 32 44 »

393 912 140 57 Très-belle
503 912 110 57 lettre,
584 912 80 57 dans
634 912 120 57 laquelle
724 912 60 57 il
754 912 110 57 accepte
834 912 60 57 la
864 912 120 57 dédicace
955 912 60 57 de
985 912 60 57 la
1005 912 90 57 traduc-

107 951 116 46 tion
179 951 87 46 de
222 951 188 46 l’ouvrage
367 951 87 46 de
410 951 87 46 M.
453 951 130 46 Marco
540 951 246 46 Saint-Hilaire
742 951 101 46 sur
800 951 87 46 la
843 951 130 46 garde
916 951 173 46 impériale.

114 992 94 47 Bel
167 992 121 47 éloge
248 992 80 47 de
288 992 174 47 l’Italie.
422 992 94 47 «Je
475 992 121 47 n’ai,
555 992 147 47 dit-il,
663 992 121 47 aucun
743 992 121 47 autre
823 992 134 47 titre;
917 992 134 47 pauvre
997 992 94 47 exilé

104 1026 94 38 de
151 1026 109 38 mon
214 1026 141 38 pays,
308 1026 109 38 mon
370 1026 109 38 nom
433 1026 141 38 n’est
526 1026 266 38 qu’unsymbole,
745 1026 125 38 mais
823 1026 94 38 je
870 1026 172 38 regarde
980 1026 109 38 comme

114 1062 89 41 in
159 1062 133 41 dépôt
248 1062 148 41 sacré,
351 1062 104 41 qui
411 1062 178 41 m’impose
544 1062 104 41 des
604 1062 163 41 devoirs
722 1062 104 41 que
782 1062 89 41 je
826 1062 178 41 tâcherai
945 1062 148 41 toujours

105 1090 95 46 de
153 1090 254 46 remplir...»»
359 1090 64 46 m-

112 1121 128 43 20028
197 1121 185 43 BONAPARTE
339 1121 114 43 (Ch.
410 1121 156 43 Louis),
524 1121 142 43 prince
623 1121 85 43 de
666 1121 199 43 Musignano,
822 1121 142 43 savant
907 1121 185 43 zoologiste.

113 1160 123 34 L.
195 1160 82 34 a.
236 1160 137 34 s.
332 1160 68 34 à
359 1160 82 34 M.
400 1160 164 34 Duméril;
523 1160 123 34 Rome,
606 1160 82 34 28
647 1160 109 34 août
715 1160 123 34 1834,
797 1160 68 34 4
824 1160 82 34 p.
865 1160 96 34 pl.
920 1160 123 34 in-8.
988 1160 96 34 Très-

115 1194 101 43 belle
182 1194 124 43 lettre,
272 1194 101 43 toute
340 1194 191 43 scientifique.
497 1194 56 43 4
508 1194 34 43 »

107 1221 124 51 20029
190 1221 165 51 BORROMÉE
314 1221 206 51 (Frédéric),
479 1221 193 51 archevêque
630 1221 83 51 de
671 1221 124 51 Milan
754 1221 124 51 neveu
836 1221 83 51 de
878 1221 124 51 saint
946 1221 138 51 Charles.

105 1260 132 43 Pièce
193 1260 117 43 sig.
267 1260 103 43 sur
325 1260 147 43 vélin,
428 1260 132 43 1595,
516 1260 147 43 double
619 1260 161 43 in-fol.
736 1260 117 43 avec
809 1260 205 43 entourages
971 1260 88 43 en
1000 1260 88 43 cou-

103 1290 113 56 leurs
178 1290 75 56 et
215 1290 63 56 2
240 1290 138 56 apôtres
340 1290 138 56 peints.
440 1290 175 56 Très-belle
578 1290 125 56 pièce.
665 1290 63 56 9
678 1290 38 56 »

103 1323 122 62 20030
185 1323 176 62 BOUCHOTTE
320 1323 95 62 (J.
374 1323 81 62 B.
415 1323 135 62 Noël),
510 1323 149 62 célèbre
618 1323 163 62 ministre
740 1323 81 62 de
781 1323 81 62 la
822 1323 135 62 guerre
916 1323 81 62 en
957 1323 122 62 1793.
1025 1323 54 62 10

109 1375 113 37 L.
185 1375 75 37 a.
223 1375 126 37 s.
311 1375 63 37 à
336 1375 75 37 M.
374 1375 151 37 Michaud,
487 1375 138 37 éditeur
587 1375 75 37 de
625 1375 75 37 la
663 1375 214 37 Biographie
839 1375 88 37 des
889 1375 126 37 hommes
965 1375 113 37 vi

103 1408 228 37 vants;
290 1408 134 37 Paris,
384 1408 67 37 3
411 1408 121 37 avril
491 1408 121 37 1821,
571 1408 67 37 1
598 1408 80 37 p.
638 1408 121 37 in-4;
718 1408 80 37 2°
759 1408 214 37 Observations
919 1408 161 37 (annoncées

103 1442 99 41 dans
164 1442 74 41 la
202 1442 124 41 lettre
288 1442 87 41 qui
337 1442 148 41 précède)
449 1442 124 41 contre
535 1442 74 41 la
572 1442 124 41 notice
659 1442 136 41 publiée
758 1442 99 41 dans
819 1442 74 41 la
844 1442 235 41 Biographie

102 1473 130 39 des
193 1473 130 39 hommes
284 1473 208 39 vivants
453 1473 169 39 manuscrit
583 1473 117 39 aut.,
661 1473 78 39 26
700 1473 78 39 p.
739 1473 143 39 in-fol.
843 1473 65 39 à
869 1473 169 39 mi-marge.
986 1473 91 39 Docu-

98 1494 95 51 ment
157 1494 225 51 très-important.
347 1494 71 51 16
370 1494 36 51 »

104 1525 100 66 20031
171 1525 123 66 BOURDON
260 1525 156 66 (Léonard),
382 1525 201 66 conventionnel.
550 1525 100 66 L.
616 1525 67 66 a.
650 1525 111 66 s.
728 1525 67 66 au
761 1525 145 66 président
873 1525 67 66 de
895 1525 78 66 l’As-

107 1583 144 44 semblée
211 1583 183 44 électorale
355 1583 78 44 de
394 1583 131 44 Paris,
486 1583 78 44 15
525 1583 118 44 sept.
603 1583 118 44 1792,
682 1583 91 44 3/4
734 1583 78 44 de
773 1583 78 44 p.
812 1583 144 44 in-fol.
917 1583 65 44 4
930 1583 39 44 »

140 1609 155 45 Curieuse
256 1609 142 45 lettre,
360 1609 103 45 dans
424 1609 155 45 laquelle
541 1609 78 45 il
579 1609 142 45 demande
683 1609 220 45 communication
864 1609 78 45 de
890 1609 103 45 toutes

100 1638 92 60 les
153 1638 224 60 dénonciations
337 1638 132 60 faites
429 1638 132 60 contre
508 1638 79 60 lui.

108 1670 93 69 20032
170 1670 145 69 BOURRIENNE
284 1670 135 69 (Fauvelet
388 1670 83 69 de),
440 1670 145 69 secrétaire
554 1670 62 69 de
585 1670 125 69 Napoléon
679 1670 83 69 Ier,
731 1670 83 69 puis
772 1670 104 69 ministre

102 1722 125 35 d’Etat,
192 1722 113 35 auteur
272 1722 68 35 de
306 1722 181 35 Mémoires.
453 1722 68 35 L.
487 1722 68 35 a.
521 1722 125 35 s.
612 1722 113 35 Marly,
691 1722 68 35 12
725 1722 91 35 juin
782 1722 102 35 1819,
850 1722 57 35 2
873 1722 68 35 p.
895 1722 57 35 1/2

102 1751 72 37 in-4.
150 1751 40 37 3
158 1751 24 37 »

107 1782 100 55 20033
174 1782 133 55 BROUGHAM
274 1782 100 55 (lord
340 1782 89 55 H.),
396 1782 122 55 célèbre
485 1782 133 55 ministre
585 1782 67 55 et
618 1782 122 55 orateur
707 1782 133 55 anglais,
807 1782 100 55 L.
874 1782 67 55 a.
896 1782 89 55 s.

104 1826 75 39 en
141 1826 162 39 français;
265 1826 137 39 Londres
365 1826 112 39 1857,
439 1826 62 39 2
464 1826 75 39 p.
501 1826 87 39 pl.
551 1826 112 39 in-8.
626 1826 112 39 Jolie
700 1826 137 39 lettre.
800 1826 62 39 2
812 1826 50 39 50

109 1859 108 47 20034
181 1859 144 47 BRUNSWIC
289 1859 96 47 (Ch.
349 1859 132 47 Guill.,
445 1859 84 47 duc
493 1859 96 47 de),
554 1859 204 47 généralissime
722 1859 84 47 des
770 1859 144 47 coalisés
878 1859 72 47 en
902 1859 84 47 1792,

99 1902 119 48 auteur
182 1902 71 48 du
218 1902 119 48 fameux
301 1902 154 48 manifeste
419 1902 119 48 contre
503 1902 71 48 la
538 1902 131 48 France.
633 1902 107 48 L.
704 1902 71 48 a.
740 1902 71 48 s.
775 1902 131 48 Charles
870 1902 71 48 D.
894 1902 95 48 de

101 1930 155 37 B.
223 1930 144 37 Brunswic,
334 1930 67 37 26
367 1930 122 37 juillet
456 1930 100 37 1805,
522 1930 55 37 3
544 1930 67 37 p.
578 1930 78 37 pl.
622 1930 100 37 in-4.
689 1930 55 37 5
700 1930 44 37 50

125 1963 163 49 Curieuse
248 1963 150 49 lettre,
357 1963 150 49 remplie
466 1963 82 49 de
507 1963 177 49 nouvelles
629 1963 177 49 politiques.

97 1990 125 51 20035
180 1990 194 51 BUONAROTTI
332 1990 208 51 (Philippe),
499 1990 194 51 descendant
651 1990 83 51 de
692 1990 138 51 Michel
789 1990 125 51 Ange,
872 1990 138 51 ardent
955 1990 125 51 révolu-

110 2040 151 36 tionnaire,
229 2040 140 36 compromis
336 2040 86 36 dans
390 2040 65 36 la
422 2040 172 36 conspiration
562 2040 65 36 de
594 2040 118 36 Babeuf,
680 2040 86 36 dont
734 2040 65 36 il
766 2040 54 36 a
777 2040 75 36 écrit

111 2074 137 38 l’histoire.
220 2074 82 38 L.
275 2074 55 38 a.
303 2074 91 38 s.
366 2074 46 38 à
385 2074 119 38 Saliceti;
476 2074 82 38 Agde,
531 2074 46 38 2
549 2074 110 38 germinal
631 2074 55 38 an
659 2074 64 38 Il,
695 2074 46 38 1
713 2074 55 38 p.
741 2074 64 38 pl.
768 2074 64 38 in

106 2105 88 52 Belle
165 2105 107 52 lettre.
243 2105 49 52 6
253 2105 29 52 »
