1187 2178
547 -12 77 51 —
577 -12 77 51 2
593 -12 46 51 —

787 23 38 66 20008
812 23 43 66 BARÈRE
842 23 64 66 (Bertrand),
893 23 47 66 célèbre
928 23 77 66 conventionnel,
992 23 43 66 auteur
1022 23 26 66 de
1030 23 77 66 Mémoires

137 85 56 54 L.
174 85 37 54 a.
192 85 62 54 s.
236 85 31 54 à
248 85 74 54 Lakanal;
304 85 62 54 Paris,
347 85 37 54 16
365 85 49 54 août
396 85 56 54 1806,
433 85 31 54 1
446 85 37 54 p.
464 85 43 54 pl.
489 85 56 54 in-4.
526 85 31 54 3
532 85 25 54 50

367 108 84 51 20009
422 108 102 51 BARNAVE
497 108 84 51 (Ant.
553 108 56 51 P.
581 108 56 51 J.
609 108 74 51 M.),
655 108 112 51 illustre
739 108 149 51 constituant,
860 108 112 51 décapité
943 108 56 51 en
962 108 65 51 1793.

136 145 180 61 Eléments
280 145 96 61 d’un
340 145 144 61 discours
448 145 156 61 intitulé:
568 145 72 61 Du
604 145 96 61 vrai
664 145 156 61 caractère
784 145 72 61 de
820 145 168 61 l’officier
940 145 108 61 pu

133 193 159 54 blic
262 193 89 54 pièce
322 193 89 54 aut.,
381 193 50 54 3
401 193 60 54 p.
431 193 70 54 pl.
471 193 89 54 in-4.
530 193 50 54 6
540 193 30 54 »

129 232 103 52 20010
197 232 115 52 BARRAS
278 232 126 52 (Paul),
369 232 195 52 conventionnel
530 232 69 52 et
564 232 115 52 membre
644 232 69 52 du
679 232 172 52 Directoire.
816 232 103 52 L.
885 232 69 52 a.
919 232 69 52 s.
942 232 92 52 le

137 259 174 53 vicomte
273 259 74 53 de
310 259 186 53 Barras;
459 259 62 53 à
484 259 74 53 M.
521 259 161 53 Monneron;
645 259 124 53 Paris,
732 259 124 53 14oct.
819 259 112 53 1786,
894 259 62 53 1
918 259 74 53 p.
943 259 87 53 in

145 309 83 45 cachet.
205 309 38 45 8
212 309 30 45 50

164 319 182 70 Attendant
304 319 98 70 des
360 319 126 70 fonds
444 319 140 70 venant
542 319 84 70 de
584 319 182 70 Provence,
725 319 84 70 il
767 319 70 70 a
795 319 140 70 besoin
893 319 112 70 d’un
963 319 126 70 délai
1033 319 84 70 pour

142 379 86 39 ui
185 379 201 39 rembourser
343 379 86 39 la
386 379 129 39 somme
472 379 129 39 qu’il
559 379 101 39 lui
616 379 72 39 a
631 379 129 39 prêtée.

141 393 96 62 20011
205 393 138 62 BATISSIER
312 393 106 62 (L.);,
386 393 117 62 célèbre
471 393 149 62 architecte
588 393 64 62 et
620 393 170 62 archéologue.
759 393 96 62 L.
822 393 64 62 a.
854 393 117 62 s.
929 393 85 62 Paris,

133 444 89 47 20
178 444 118 47 mars
251 444 133 47 1846,
340 444 74 47 1
369 444 89 47 p.
414 444 133 47 in-8.
502 444 74 47 2
517 444 59 47 50

140 470 126 56 Envoi
224 470 112 56 d’un
294 470 196 56 exemplaire
448 470 84 56 de
490 470 98 56 son
546 470 210 56 Histoire
713 470 84 56 de
755 470 126 56 l’art
839 470 196 56 monumental
979 470 140 56 dans

138 515 200 50 l’antiquité
304 515 67 50 et
337 515 67 50 au
371 515 100 50 moyen
426 515 122 50 âge.

140 524 111 74 20012
214 524 186 74 BEAUHARNAIS
362 524 161 74 (Eugène),
486 524 148 74 vice-roi
597 524 161 74 d’Italie.
721 524 111 74 L.
795 524 74 74 a.
832 524 124 74 s.
919 524 62 74 à
944 524 74 74 M.
969 524 148 74 Delacroix,

140 576 141 61 préfet
239 576 85 61 de
281 576 85 61 la
323 576 169 61 Gironde;
450 576 155 61 Verceil
563 576 85 61 an
606 576 127 61 XIII,
690 576 71 61 1
719 576 85 61 p.
761 576 127 61 in-4.
846 576 127 61 Jolie
930 576 155 61 lettre.
1043 576 71 61 4
1058 576 56 61 50

138 624 120 48 20013
218 624 200 48 BEAUHARNAIS
377 624 253 48 (Auguste-Amélie
590 624 80 48 de
630 624 266 48 Bavière),
856 624 120 48 femme
936 624 80 48 du
962 624 160 48 précédent.

136 659 121 49 L.
216 659 81 49 a.
257 659 135 49 s.
351 659 81 49 au
392 659 121 49 baron
473 659 148 49 Charles
581 659 81 49 de
621 659 135 49 Cetto;
715 659 148 49 Munich,
823 659 81 49 18
864 659 121 49 janv.
945 659 121 49 1829,
1026 659 94 49 3/4
1066 659 54 49 de

139 701 59 51 p.
169 701 89 51 in-4.
228 701 49 51 4
238 701 30 51 »

176 719 115 61 Elle
247 719 86 61 ne
290 719 115 61 peut
362 719 100 61 lui
420 719 172 61 accorder
549 719 86 61 le
592 719 158 61 secours
707 719 129 61 qu’il
793 719 172 61 demande,
922 719 86 61 vu
965 719 158 61 qu’elle
1066 719 57 61 se

141 760 109 51 voit
209 760 150 51 souvent
318 760 109 51 dans
387 760 82 51 la
427 760 136 51 triste
523 760 232 51 impossibilité
713 760 82 51 de
754 760 163 51 secourir
877 760 109 51 ceux
945 760 95 51 qui
986 760 136 51 auraient

154 798 80 46 le
194 798 107 46 plus
261 798 80 46 de
301 798 134 46 droits
395 798 67 46 à
422 798 94 46 ses
462 798 174 46 bienfaits.»

145 833 114 51 20014
221 833 140 51 BEFFROY
323 833 76 51 DE
361 833 127 51 REIGNY
450 833 89 51 (L.
501 833 127 51 Abel),
590 833 89 51 dit
641 833 114 51 le
717 833 127 51 Cousin
806 833 203 51 Jacques
971 833 127 51 auteur
1047 833 76 51 dra-

155 856 147 61 matique.
265 856 171 61 Onguent
399 856 195 61 Lambert
558 856 110 61 pièce
631 856 110 61 a.
705 856 134 61 s.
802 856 61 61 2
827 856 73 61 p.
863 856 86 61 pl.
912 856 110 61 in-8.
986 856 110 61 Léger
1047 856 73 61 rac-

152 905 174 47 commodage.
288 905 62 47 3
301 905 37 47 »

580 918 68 74 20015
626 918 105 74 BELGIOJOSO
709 918 53 74 (la
739 918 75 74 pcesse
791 918 60 74 de),
829 918 83 74 célèbre
889 918 90 74 patriote
957 918 98 74 italienne
1033 918 45 74 et
1055 918 68 74 femme
1093 918 30 74 de

1040 968 88 46 2
1057 968 70 46 50

156 981 123 55 lettres.
248 981 92 55 L.
310 981 62 55 a.
340 981 113 55 s.
422 981 51 55 1
443 981 62 55 p.
463 981 72 55 in

162 990 112 73 20016
236 990 162 73 BELMONTET
361 990 150 73 (Louis),
474 990 112 73 poëte
548 990 75 73 et
586 990 137 73 député.
686 990 112 73 L.
761 990 75 73 a.
798 990 125 73 s.
885 990 62 73 à
910 990 75 73 M.
948 990 112 73 Henri
1010 990 125 73 Etienne;

160 1048 143 54 Paris,
260 1048 72 54 8
289 1048 115 54 mars
361 1048 129 54 1830,
447 1048 72 54 2
475 1048 86 54 p.
518 1048 100 54 1/2
576 1048 129 54 in-8.
662 1048 172 54 Curieuse
791 1048 158 54 lettre,
906 1048 172 54 relative
1035 1048 72 54 à
1049 1048 72 54 une

546 1076 86 54 tragédie
611 1076 101 54 intitulée:
690 1076 65 54 la
733 1076 86 54 Mort
798 1076 65 54 de
841 1076 101 54 Néron
920 1076 65 54 qu’il
963 1076 43 54 va
985 1076 86 54 terminer
1050 1076 43 54 en
1064 1076 65 54 Italie.

1043 1107 85 43 2
1060 1107 68 43 50

157 1126 112 84 20017
231 1126 149 84 BÉRANGER
343 1126 87 84 (P.
393 1126 75 84 J.
430 1126 99 84 de),
492 1126 112 84 notre
567 1126 186 84 chansonnier
716 1126 162 84 national.
840 1126 112 84 L.
915 1126 75 84 a.
952 1126 124 84 s.
1039 1126 62 84 à
1051 1126 75 84 Lad-

155 1187 127 55 vocat;
244 1187 63 55 9
269 1187 139 55 janvier
370 1187 114 55 1827,
446 1187 89 55 3/4
497 1187 76 55 de
535 1187 76 55 p.
573 1187 114 55 in-8.
649 1187 63 55 2
661 1187 51 55 25

158 1229 112 46 20018
232 1229 150 46 BERCHOUX
345 1229 162 46 (Joseph),
470 1229 75 46 le
507 1229 162 46 spirituel
632 1229 125 46 auteur
720 1229 87 46 dur
770 1229 112 46 poëme
845 1229 75 46 de
882 1229 112 46 la
945 1229 187 46 Gastrono

158 1265 131 48 mie.
254 1265 72 48 L.
289 1265 72 48 a.
325 1265 119 48 s.
409 1265 60 48 à
433 1265 72 48 M.
468 1265 143 48 Michaud;
576 1265 155 48 Marcigny,
695 1265 60 48 3
719 1265 119 48 avril,
803 1265 60 48 2
827 1265 72 48 p.
862 1265 107 48 in-4.
934 1265 191 48 Rare
1089 1265 60 48 9
1101 1265 36 48 »

190 1289 181 61 Curieuse.
330 1289 84 61 Il
371 1289 84 61 se
413 1289 140 61 plaint
511 1289 84 61 de
553 1289 237 61 l’inexécution
748 1289 84 61 du
790 1289 140 61 traité
888 1289 112 61 fait
958 1289 112 61 avec
1013 1289 126 61 Michaud

168 1335 103 45 our
227 1335 88 45 la
271 1335 132 45 vente
359 1335 88 45 de
403 1335 103 45 ses
461 1335 190 45 ouvrages.
608 1335 103 45 «Il
666 1335 88 45 me
710 1335 161 45 semble,
827 1335 161 45 dit-il,
945 1335 103 45 que
1003 1335 117 45 vous
1062 1335 73 45 de-

160 1368 132 46 vriez
248 1368 117 46 être
321 1368 117 46 plus
394 1368 175 46 généreux
526 1368 146 46 envers
628 1368 102 46 les
687 1368 146 46 Muses,
789 1368 102 46 qui
848 1368 132 46 n’ont
935 1368 102 46 pas
994 1368 102 46 été
1038 1368 102 46 trop-

167 1403 120 43 lures
247 1403 107 43 pour
314 1403 120 43 vous.
394 1403 107 43 Pour
461 1403 107 43 moi,
528 1403 67 43 à
555 1403 120 43 force
635 1403 80 43 de
675 1403 94 43 les
729 1403 120 43 aller
809 1403 161 43 cultiver
929 1403 67 43 à
956 1403 134 43 Paris,
1036 1403 94 43 elles

166 1426 129 51 n’ont
251 1426 172 51 beaucoup
380 1426 114 51 plus
452 1426 129 51 coûté
537 1426 172 51 qu’elles
666 1426 86 51 ne
709 1426 129 51 m’ont
795 1426 143 51 rendu;
895 1426 114 51 mais
966 1426 86 51 je
1009 1426 114 51 n’ai
1067 1426 71 51 ja-

162 1474 116 40 mais
235 1474 145 40 compté
337 1474 102 40 sur
395 1474 102 40 mon
453 1474 174 40 commerce
584 1474 116 40 avec
656 1474 131 40 elles
743 1474 87 40 et
787 1474 116 40 avec
845 1474 145 40 vous...»

163 1489 118 59 20019
242 1489 158 59 BERTHIER
360 1489 211 59 (Ferdinand),
531 1489 145 59 célèbre
637 1489 184 59 professeur
782 1489 92 59 des
834 1489 211 59 sourds-muets
1005 1489 79 59 et
1032 1489 105 59 litté-

161 1546 118 42 rateur.
247 1546 96 42 L.
311 1546 64 42 a.
343 1546 118 42 s.
429 1546 96 42 Paris
493 1546 96 42 1837,
557 1546 64 42 1.
589 1546 64 42 p.
621 1546 96 42 in-8.
685 1546 53 42 2
696 1546 32 42 »

167 1577 125 45 20020
250 1577 138 45 BERTON
347 1577 125 45 (H.),
430 1577 152 45 célèbre
541 1577 208 45 compositeur
707 1577 83 45 de
748 1577 166 45 musique,
873 1577 138 45 membre
970 1577 83 45 de
998 1577 138 45 l’Insti-

168 1613 75 47 tut.
215 1613 85 47 L.
271 1613 56 47 a.
299 1613 103 47 s.
374 1613 47 47 1
393 1613 56 47 p.
421 1613 66 47 pl.
459 1613 85 47 in-8.
515 1613 47 47 2
524 1613 38 47 50

165 1643 118 57 20021
244 1643 157 57 BERTRAND
362 1643 79 57 DE
401 1643 184 57 MOLLEVILLE
545 1643 92 57 (A.
598 1643 79 57 F.
637 1643 92 57 mis
690 1643 105 57 de),
755 1643 157 57 ministre
873 1643 79 57 de
913 1643 118 57 Louis
978 1643 79 57 XVI,

167 1681 144 48 historien
277 1681 66 48 de
311 1681 66 48 la
344 1681 155 48 Révolution
465 1681 155 48 française.
587 1681 99 48 L.
653 1681 66 48 a.
686 1681 111 48 s.
764 1681 55 48 à
786 1681 66 48 M.
819 1681 88 48 ...;
874 1681 66 48 29
907 1681 111 48 juill.
974 1681 77 48 1815,

196 1721 44 46 1
214 1721 53 46 p.
241 1721 62 46 1/2
276 1721 80 46 in-8.
330 1721 44 46 5
338 1721 36 46 50

195 1731 117 70 Dans
268 1731 102 70 une
327 1731 175 70 détresse
458 1731 175 70 extrême,
589 1731 87 70 il
633 1731 146 70 espère
735 1731 102 70 que
793 1731 87 70 le
837 1731 102 70 duc
895 1731 190 70 d’Otrante
1026 1731 117 70 voudra

165 1788 119 41 bien
240 1788 149 41 mettre
344 1788 119 41 sous
418 1788 104 41 les
478 1788 119 41 veux
552 1788 89 41 de
597 1788 134 41 Louis
686 1788 134 41 XVIII
776 1788 89 41 la
820 1788 164 41 demande
940 1788 134 41 qu’il
1029 1788 74 41 a
1044 1788 104 41 faite

168 1820 157 46 d’une
272 1820 174 46 avance
394 1820 122 46 sur
464 1820 105 46 ce
516 1820 122 46 qui
586 1820 122 46 lui
655 1820 122 46 est
725 1820 105 46 dû
777 1820 122 46 par
847 1820 105 46 le
882 1820 261 46 gouvernement.

168 1857 128 49 20022
253 1857 170 49 BERTRAND
380 1857 184 49 (Gratien,
522 1857 156 49 comte),
636 1857 255 49 grand-maréchal
848 1857 85 49 du
891 1857 156 49 Palais,
990 1857 156 49 compagnon

167 1890 199 45 d’infortune
326 1890 80 45 de
366 1890 159 45 Napoléon
485 1890 106 45 Ier.
551 1890 119 45 L.
631 1890 80 45 a.
671 1890 133 45 s.
763 1890 66 45 à
790 1890 159 45 Mlle...;
909 1890 199 45 Châteauroux
1055 1890 93 45 1842,

194 1929 51 48 1
214 1929 61 48 p.
245 1929 92 48 in-8.
306 1929 92 48 Jolie
367 1929 112 48 lettre.
449 1929 51 48 2
459 1929 31 48 »

172 1964 122 48 20023
254 1964 122 48 BIGOT
335 1964 81 48 DÉ
375 1964 176 48 PRÉAMENEU
511 1964 95 48 (le
565 1964 95 48 cte
619 1964 311 48 Félix-Julien-Jean),
890 1964 203 48 législateur
1052 1964 81 48 et
1079 1964 68 48 mi-

174 2010 126 34 nistre
263 2010 88 34 des
313 2010 139 34 cultes,
414 2010 126 34 membre
502 2010 76 34 de
540 2010 139 34 l’Acad.
641 2010 101 34 fr.,
704 2010 76 34 né
742 2010 63 34 à
767 2010 126 34 Rennes
855 2010 76 34 en
893 2010 113 34 1747.
969 2010 113 34 L.
1032 2010 113 34 a.

166 2037 179 39 s.
304 2037 69 39 à
332 2037 152 39 Mge...;
442 2037 138 39 Paris,
539 2037 83 39 21
580 2037 110 39 août
649 2037 124 39 1816,
732 2037 69 39 1
760 2037 83 39 p.
801 2037 97 39 1/2
856 2037 152 39 in-fol.
967 2037 152 39 Demande
1063 2037 83 39 d’un

163 2065 168 50 nouveau
285 2065 152 50 brevet
391 2065 91 50 de
437 2065 274 50 grand-officier
666 2065 91 50 dé
711 2065 91 50 la
757 2065 152 50 Légion
864 2065 213 50 d’Honneur.
1031 2065 76 50 —
1046 2065 107 50 4nox-

41 2103 148 62 20024
139 2103 148 62 BIRON
238 2103 264 62 (Armand-ouis
452 2103 181 62 GONTAUT
584 2103 132 62 de),
666 2103 132 62 ducl
749 2103 115 62 del
815 2103 181 62 Lauzun,
946 2103 198 62 igénéral
1078 2103 66 62 en
