1138 2197
14 17 675 104 LIBRAIRIE
520 17 591 104 ANCIENNE

291 129 310 68 ET
446 129 776 68 AUTOGRAPHES

495 210 102 44 DE

176 245 385 107 JACQUES
432 245 449 107 CHARAVAY

31 349 244 67 Rue
202 349 171 67 des
299 349 513 67 Grands-Augustins,
714 349 269 67 26.

13 425 188 54 LIVRES
145 425 226 54 ANCIENS,
315 425 188 54 ACHATS
447 425 113 54 DE
503 425 320 54 BIBLIOTHÈQUES
767 425 113 54 ET
823 425 113 54 DE
861 425 245 54 COLLECTIONS

52 474 357 43 D’AUTOGRAPHES;
349 474 258 43 ÉCHANGES,
547 474 317 43 COMMISSIONS;
805 474 198 43 VENTES
924 474 178 43 D’AUTO-

59 507 181 51 GRAPHES
190 507 82 51 A
223 507 214 51 L’AMIABLE
388 507 214 51 MOYENNANT
553 507 165 51 Dix
668 507 132 51 pour
751 507 214 51 cent
916 507 99 51 ET
965 507 115 51 AUX
1015 507 82 51 EN-

60 556 147 36 CHÈRES
163 556 206 36 PUBLIQUES,
326 556 177 36 Vingt
458 556 118 36 pour
532 556 118 36 cent
606 556 103 36 sur
665 556 88 36 la
709 556 177 36 totalité
841 556 88 36 de
886 556 88 36 la
915 556 177 36 vente

48 585 135 63 ALA
125 585 192 63 CHARGE
259 585 135 63 DES
336 585 231 63 VENDEURS
509 585 154 63 TOUT
586 585 192 63 COMPRIS.

251 690 63 71 N°
293 690 49 71 144
321 690 35 71 —
335 690 77 71 FÉVRIER
385 690 77 71 1866.

348 807 673 57 AUTOGRAPHES

235 865 100 70 19997
301 865 100 70 ACTON
368 865 100 70 (Jh),
434 865 122 70 célèbre
523 865 133 70 ministre
622 865 166 70 napolitain,
755 865 66 70 né
788 865 55 70 à
810 865 144 70 Besançon.
921 865 100 70 L.
987 865 66 70 a.
1009 865 89 70 s.

121 908 134 49 Caserte
218 908 109 49 1797,
291 908 61 49 2
315 908 73 49 p.
352 908 109 49 in-4.
424 908 109 49 Jolie
497 908 134 49 lettre.
594 908 61 49 3
607 908 36 49 »

130 930 130 68 19998
216 930 145 68 ALBERT
318 930 203 68 (Casimir),
477 930 101 68 duc
535 930 87 68 de
578 930 246 68 Saxe-Teschen,
781 930 203 68 commandant
940 930 87 68 de
969 930 130 68 l’armée

124 983 98 48 jui
180 983 168 48 bombarda
306 983 126 48 Lille
389 983 84 48 en
431 983 126 48 1792,
515 983 84 48 et
557 983 98 48 qui
613 983 98 48 fut
669 983 140 48 obligé
767 983 84 48 de
809 983 126 48 lever
892 983 84 48 le
934 983 126 48 siège
1004 983 98 48 après

127 1018 74 44 la
164 1018 149 44 bataille
275 1018 74 44 de
312 1018 161 44 Jemmapes.
436 1018 111 44 L.
510 1018 74 44 a.
548 1018 136 44 s.
647 1018 136 44 Vienne,
746 1018 74 44 25
783 1018 99 44 fév.
845 1018 99 44 1814
907 1018 62 44 1
931 1018 74 44 p.
956 1018 62 44 pl.

116 1051 111 46 in-4.
190 1051 98 46 Très
251 1051 111 46 jolie
325 1051 123 46 lettre
411 1051 98 46 avec
472 1051 172 46 enveloppe.
608 1051 62 46 6
620 1051 37 46 »

129 1074 126 51 19999
213 1074 154 51 ALBITTE
325 1074 98 51 (A.
382 1074 112 51 L.),
452 1074 253 51 conventionnel,
662 1074 154 51 célèbre
774 1074 112 51 pour
844 1074 98 51 ses
901 1074 168 51 missions
1013 1074 84 51 dans

121 1121 132 49 divers
213 1121 225 49 départements.
398 1121 119 49 L.
478 1121 79 49 a.
517 1121 132 49 s.
610 1121 66 49 à
636 1121 93 49 son
689 1121 159 49 collègue
808 1121 172 49 Saliceti;
940 1121 145 49 Commune
1033 1121 66 49 af-

119 1159 150 42 franchie
232 1159 138 42 (Lyon),
332 1159 75 42 27
370 1159 150 42 frimaire
482 1159 75 42 an
520 1159 88 42 II,
570 1159 63 42 1
595 1159 75 42 p.
632 1159 88 42 pl.
682 1159 113 42 in-4.
757 1159 75 42 10
782 1159 38 42 »

149 1169 85 71 Il
191 1169 85 71 ne
234 1169 157 71 néglige
348 1169 114 71 rien
419 1169 114 71 pour
491 1169 185 71 augmenter
633 1169 85 71 en
676 1169 199 71 artillerie
832 1169 100 71 les
889 1169 142 71 moyens
975 1169 128 71 qu’il’a

115 1228 87 35 de
159 1228 174 35 parvenir
290 1228 73 35 à
319 1228 160 35 vaincre
435 1228 102 35 les
493 1228 174 35 entemis,
624 1228 87 35 et
667 1228 73 35 à
696 1228 174 35 détruire
827 1228 87 35 la
871 1228 116 35 plus
943 1228 145 35 infâme
1030 1228 73 35 des

116 1261 147 36 villes
219 1261 191 36 (Toulon).
366 1261 132 36 «Tout
454 1261 88 36 va
498 1261 176 36 toujours
630 1261 103 36 dci
689 1261 88 36 de
733 1261 132 36 même,
821 1261 88 36 on
865 1261 162 36 démolit
983 1261 88 36 et
1012 1261 88 36 l’on

118 1290 149 39 fusille
226 1290 135 39 Collot
320 1290 176 39 d’Herbois
455 1290 95 39 est
509 1290 108 39 allé
577 1290 68 39 à
604 1290 122 39 Paris
685 1290 108 39 pour
752 1290 122 39 faire
833 1290 189 39 déterminer
968 1290 135 39 franche-

38 1319 118 48 ment
112 1319 88 48 ce
156 1319 103 48 que
215 1319 118 48 l’on
289 1319 118 48 doit
363 1319 147 48 faire,
466 1319 88 48 de
510 1319 133 48 cette
599 1319 147 48 ville,
702 1319 118 48 qui,
776 1319 88 48 je
820 1319 147 48 crois,
923 1319 88 48 ne
967 1319 118 48 sera
1026 1319 74 48 ja-

43 1365 87 40 5—
86 1365 116 40 mais
158 1365 72 40 à
187 1365 87 40 la
231 1365 159 40 hauteur
347 1365 87 40 de
390 1365 87 40 la
419 1365 246 40 révolution...».

24 1385 168 45 20000-LE
150 1385 126 45 MÊME.
234 1385 126 45 L.
318 1385 84 45 a.
360 1385 140 45 s.
458 1385 84 45 au
500 1385 126 45 même;
585 1385 154 45 Commune
697 1385 210 45 affranchie,
865 1385 84 45 20
907 1385 140 45 nivôse
1005 1385 84 45 an
1033 1385 70 45 II,

117 1423 54 46 3
139 1423 64 46 p.
171 1423 75 46 pl.
214 1423 97 46 in-4.
278 1423 64 46 10
300 1423 32 46 »

147 1467 190 33 Très-belle
297 1467 136 33 lettre
392 1467 95 33 sur
446 1467 82 33 la
487 1467 122 33 prise
569 1467 82 33 de
610 1467 150 33 Toulon;
718 1467 136 33 prière
814 1467 82 33 de
854 1467 122 33 faire
936 1467 95 33 ses
977 1467 122 33 félici-

116 1494 170 39 tations
239 1494 77 39 à
270 1494 216 39 Dugommier,
440 1494 216 39 Bonaparte,
609 1494 170 39 Cervoni
733 1494 93 39 et
779 1494 154 39 autres
887 1494 108 39 qui
949 1494 123 39 ont,
1010 1494 93 39 dans

120 1526 131 44 cette
208 1526 174 44 affaire,
338 1526 145 44 montré
440 1526 87 44 un
483 1526 116 44 cœur
556 1526 87 44 et
600 1526 87 44 un
643 1526 116 44 bras
716 1526 232 44 républicain.
890 1526 87 44 1u».

117 1563 124 45 20001
200 1563 178 45 ANGOULÊME
337 1563 96 45 (L.
392 1563 110 45 Emel
460 1563 82 45 de
502 1563 151 45 Valois,
611 1563 96 45 duc
666 1563 110 45 d’),
735 1563 137 45 évêque
831 1563 151 45 d’Agde,
941 1563 110 45 puis
996 1563 96 45 colo-

119 1604 184 34 nel-général
266 1604 74 34 de
303 1604 160 34 cavalerie
426 1604 74 34 et
463 1604 184 34 gouverneur,
611 1604 74 34 de
647 1604 160 34 Provence.
770 1604 111 34 L.
844 1604 74 34 a.
881 1604 123 34 s.
955 1604 49 34 au

125 1631 120 44 comte
204 1631 80 44 de
244 1631 186 44 Montrésor;
391 1631 146 44 Monzou,
497 1631 80 44 21
537 1631 146 44 juillet
643 1631 120 44 1652,
723 1631 66 44 1
749 1631 80 44 p.
789 1631 93 44 pl.
842 1631 120 44 in-4,
909 1631 93 44 frag-

116 1662 114 45 ments
192 1662 76 45 de
230 1662 151 45 cachets.
344 1662 76 45 Il
381 1662 151 45 proteste
495 1662 126 45 contre
583 1662 76 45 sa
621 1662 177 45 détention.
760 1662 63 45 6
773 1662 50 45 50

121 1677 101 74 20002
188 1677 67 74 LE
222 1677 101 74 MÊME.
289 1677 101 74 L.
356 1677 112 74 s.
435 1677 90 74 avec
491 1677 67 74 la
524 1677 157 74 souscript.
647 1677 101 74 aut.;
715 1677 112 74 Toulon
793 1677 101 74 1650,
860 1677 56 74 1
883 1677 67 74 p.
905 1677 101 74 in

1009 1731 98 42 3
1028 1731 78 42 50

133 1758 114 57 20003
209 1758 114 57 ARAGO
285 1758 126 57 (Fr.),
374 1758 139 57 célèbre
475 1758 177 57 astronome,
614 1758 126 57 membre
702 1758 76 57 du
740 1758 202 57 gouvernement
892 1758 101 57 provi-

117 1817 133 29 soire
206 1817 89 29 en
250 1817 133 29 1848.
339 1817 133 29 L.
427 1817 89 29 a.
472 1817 162 29 s.
590 1817 133 29 1825,
678 1817 74 29 1
708 1817 89 29 p.
752 1817 162 29 in-fol.
870 1817 74 29 3
885 1817 118 29 »

130 1843 111 41 20004
203 1843 172 41 ARLINCOURT
339 1843 98 41 (ler
400 1843 160 41 vted’)),;
523 1843 160 41 romancier
646 1843 74 41 et
682 1843 123 41 auteur
768 1843 184 41 dramatique.
916 1843 111 41 La
977 1843 123 41 Goè

129 1876 141 42 lette,
237 1876 76 42 les
281 1876 76 42 Six
324 1876 108 42 sœurs,
400 1876 130 42 anecdote
497 1876 206 42 véritable,
670 1876 97 42 pièce
735 1876 97 42 a.
800 1876 119 42 s.
887 1876 54 42 4
908 1876 76 42 pl.
952 1876 97 42 in-4.
1017 1876 54 42 2
1028 1876 32 42 »

132 1916 109 45 20005
204 1916 133 45 ARNAULT
301 1916 157 45 (Lucien),
422 1916 121 45 auteur
507 1916 181 45 dramatique,
652 1916 97 45 fils
712 1916 73 45 de
748 1916 218 45 l’Académicien.
930 1916 109 45 L.
990 1916 109 45 a.

124 1946 150 53 s.
242 1946 107 53 Paris,
317 1946 64 53 22
350 1946 75 53 mai
393 1946 97 53 1819,
457 1946 54 53 2
479 1946 64 53 p.
511 1946 75 53 pl.
554 1946 97 53 in-4.
618 1946 54 53 2
629 1946 32 53 »

123 1968 105 55 20006
193 1968 105 55 AUGER
263 1968 82 55 (L.
310 1968 93 55 S.),
368 1968 140 55 critique
473 1968 70 55 et
508 1968 187 55 littérateur,
660 1968 117 55 membre
741 1968 70 55 de
776 1968 128 55 l’Acad.
870 1968 82 55 fr.
916 1968 105 55 L.
986 1968 70 55 a.
1010 1968 93 55 s.

119 2013 76 42 à
149 2013 91 42 M.
195 2013 213 42 Delacroix,
362 2013 137 42 1826,
453 2013 76 42 3
483 2013 91 42 p.
529 2013 106 42 pl.
590 2013 137 42 in-8.
681 2013 258 42 Très-curieuse
893 2013 167 42 lettre,
1015 2013 91 42 où
1045 2013 61 42 il

125 2052 121 37 donne
205 2052 94 37 son
259 2052 108 37 avis
327 2052 94 37 sur
381 2052 94 37 une
435 2052 121 37 pièce
516 2052 81 37 de
556 2052 148 37 théâtre
664 2052 81 37 de
704 2052 81 37 M.
745 2052 189 37 Delacroix.
893 2052 67 37 2
907 2052 40 37 »

17 2084 123 44 20007
99 2084 137 44 BALZAC
195 2084 96 44 (H.
250 2084 109 44 de),
318 2084 150 44 célèbre
427 2084 109 44 chef
496 2084 82 44 de
537 2084 150 44 l’École
646 2084 178 44 réaliste.
783 2084 123 44 L.
865 2084 82 44 a.
906 2084 82 44 s.
933 2084 164 44 Honoré

78 2112 61 61 1
102 2112 73 61 p.
139 2112 109 61 in-8.
212 2112 109 61 Envoi
284 2112 97 61 d’un
345 2112 73 61 de
382 2112 85 61 ses
430 2112 146 61 ouvrages
540 2112 109 61 le
612 2112 85 61 Lys
661 2112 97 61 dans
722 2112 85 61 la,
770 2112 182 61 vallée
916 2112 61 61 3
928 2112 49 61 50
