1144 2232
542 19 59 69 —
566 19 59 69 9
578 19 35 69 —

123 93 121 46 tion
199 93 91 46 et
244 93 91 46 de
289 93 136 46 nulle
380 93 242 46 conséquence,
577 93 91 46 la
623 93 182 46 clémence
759 93 106 46 des
819 93 151 46 grands
925 93 182 46 princes,
1046 93 61 46 ni

125 130 125 41 mesme
208 130 167 41 l’équité
334 130 83 41 ne
375 130 139 41 permet
473 130 97 41 pas
528 130 69 41 à
556 130 111 41 leur
625 130 153 41 justice
737 130 139 41 d’user
834 130 153 41 d’autre
931 130 167 41 correction

122 167 99 37 que
179 167 85 37 de
221 167 128 37 celle
306 167 128 37 d’une
391 167 227 37 répréhension
575 167 85 37 et
618 167 113 37 d’un
675 167 269 37 advertisement...»

549 212 63 40 20101
591 212 84 40 FRÉDÉRIC
654 212 49 40 II,
682 212 49 40 roi
709 212 42 40 de
730 212 70 40 Prusse
779 212 49 40 dit
807 212 63 40 le
849 212 70 40 Grand.
898 212 42 40 L.
919 212 42 40 a.
940 212 70 40 s
988 212 42 40 au
1009 212 49 40 duc
1037 212 49 40 ...
1058 212 42 40 (am-

129 243 111 46 bassadeur
215 243 51 46 de
240 243 102 46 France);
317 243 43 46 4
334 243 77 46 mars,
385 243 43 46 1
402 243 51 46 p.
428 243 60 46 1/2
462 243 77 46 in-4.
513 243 51 46 55
530 243 26 46 »

158 280 188 33 Très-belle
305 280 134 33 lettre
400 280 188 33 politique.
548 280 81 33 Il
588 280 94 33 est
642 280 229 33 très-sensible
830 280 94 33 aux
884 280 148 33 marques
991 280 81 33 de
1018 280 81 33 con-

123 310 138 43 fiance
220 310 97 43 que
275 310 97 43 lui
330 310 69 43 a
358 310 152 43 données
469 310 83 43 le
510 310 111 43 roi.
579 310 97 43 «Je
634 310 138 43 crains
731 310 111 43 bien
800 310 97 43 que
855 310 83 43 si
897 310 111 43 nous
966 310 83 43 ne
993 310 111 43 parve-

118 349 125 42 nons
197 349 141 42 cette
290 349 141 42 année
384 349 78 42 à
416 349 188 42 moyenner
556 349 94 42 un
603 349 250 42 accomodement
807 349 141 42 entre
901 349 94 42 la
948 349 156 42 France
1041 349 63 42 et

116 378 224 49 l’Angleterre
298 378 98 49 que
354 378 98 49 les
411 378 168 49 affaires
537 378 281 49 s’embrouilleront
775 378 84 49 de
817 378 154 49 manière
930 378 70 49 à
958 378 140 49 rendre
1042 378 56 49 la

130 405 131 56 uerre
218 405 174 56 générale
349 405 87 56 en
392 405 174 56 Europe..
508 405 44 56 »

138 451 60 47 20102
178 451 67 47 FRÉRON
225 451 106 47 (Stanislas),
311 451 120 47 conventionnel,
411 451 67 47 fameux
458 451 113 47 thermidorien,
551 451 53 47 chef
584 451 40 47 de
597 451 27 47 la

121 488 197 40 jeunesse
278 488 131 40 dorée.
370 488 118 40 Pièce
449 488 79 40 a.
488 488 144 40 s.
593 488 118 40 comme
671 488 197 40 commissaire
829 488 157 40 exécutif
947 488 105 40 dans
1012 488 79 40 le
1038 488 66 40 dé-

137 520 92 36 artement
206 520 46 36 de
229 520 46 36 la
252 520 92 36 Moselle,
321 520 69 36 aussi
367 520 61 36 sig.
406 520 54 36 par
437 520 61 36 deux
475 520 77 36 autres
521 520 115 36 commissaires;

125 557 123 40 Paris,
211 557 74 40 16
248 557 98 40 déc.
309 557 111 40 1792,
383 557 62 40 3
408 557 74 40 p.
445 557 86 40 1/2
494 557 135 40 in-fol.
592 557 74 40 10
617 557 37 40 »

151 585 253 49 Très-important
362 585 169 49 document
489 585 155 49 relatif
601 585 84 49 au
644 585 127 49 siège
728 585 84 49 de
770 585 197 49 Thionville
925 585 84 49 et
967 585 70 49 à
995 585 99 49 son
1038 585 70 49 dé-

123 624 158 49 fenseur
238 624 86 49 le
281 624 158 49 général
396 624 129 49 Félix
467 624 144 49 Wimpfen.

132 660 119 45 20103
211 660 159 45 GASPARIN
330 660 106 45 (Th.
396 660 106 45 Aug.
462 660 106 45 de),
528 660 132 45 député
621 660 92 45 des
673 660 264 45 Bouches-du-Rhône
898 660 66 45 à
924 660 79 45 la
951 660 79 45 Con-

130 698 135 38 vention.
231 698 101 38 L.
299 698 68 38 a.
332 698 124 38 s.
422 698 113 38 Paris,
501 698 90 38 mars
558 698 101 38 1792,
625 698 56 38 1
648 698 68 38 p.
681 698 79 38 pl.
726 698 101 38 in-4.
794 698 56 38 3
805 698 34 38 »

130 723 100 60 20105
196 723 89 60 GIRY
252 723 155 60 (Odet-Jos.
374 723 67 60 de
407 723 89 60 VAux
463 723 89 60 de),
518 723 89 60 abbé
574 723 67 60 de
607 723 155 60 Saint-Cyr,
729 723 122 60 érudit,
818 723 67 60 de
840 723 100 60 l'Acad.

132 769 74 41 fr.
175 769 96 41 L.
239 769 64 41 a.
270 769 117 41 s.
355 769 159 41 Versailles,
483 769 64 41 16
514 769 85 41 oct.
568 769 96 41 1760,
631 769 53 41 1
652 769 64 41 p.
684 769 96 41 in-4.
748 769 53 41 6
759 769 42 41 50

129 800 104 71 20106
199 800 127 71 GISQUET
292 800 139 71 (Henri),
396 800 116 71 préfet
477 800 70 71 de
512 800 116 71 police
593 800 93 71 sous
651 800 220 71 Louis-Philippe,
836 800 116 71 auteur
906 800 46 71 de

134 846 185 37 Mémoires.
285 846 70 37 L.
320 846 70 37 a.
355 846 116 37 s.
436 846 58 37 à
459 846 70 37 M.
494 846 139 37 Soriano;
598 846 93 37 1856
656 846 81 37 3/4
702 846 70 37 de
737 846 70 37 p.
772 846 104 37 in-4.
841 846 58 37 2
853 846 46 37 50

154 872 127 68 Jolie
238 872 141 68 lettre
337 872 85 68 en
379 872 155 68 réponse
492 872 70 68 à
520 872 85 68 la
563 872 155 68 demande
675 872 85 68 de
718 872 99 68 son
760 872 183 68 autographe.

131 915 100 67 20107
197 915 122 67 GOUVION
286 915 144 67 SAINT-CYR
397 915 77 67 (le
441 915 77 67 cte
485 915 122 67 Louis),
574 915 133 67 maréchal
673 915 66 67 de
707 915 111 67 France
784 915 66 67 et
806 915 122 67 ministre.

126 957 96 56 L.
190 957 64 56 a.
222 957 117 56 s.
307 957 96 56 1793,
371 957 53 56 1
393 957 64 56 p.
425 957 64 56 in
457 957 85 56 fol.
510 957 96 56 Belle
574 957 96 56 pièce
638 957 149 56 militaire.
755 957 53 56 3
765 957 43 56 50

134 999 98 51 20108
199 999 152 51 GRANDVILLE
319 999 76 51 (J.
363 999 87 51 J.),
417 999 120 51 célèbre
504 999 163 51 dessinateur
634 999 65 51 et
667 999 196 51 caricaturiste.
830 999 98 51 L.
895 999 65 51 a.
928 999 65 51 s.
961 999 65 51 J.
993 999 65 51 J.
1015 999 87 51 G.

130 1033 72 56 à
158 1033 129 56 M...;
245 1033 72 56 2
273 1033 86 56 p.
317 1033 129 56 in-8.
403 1033 86 56 Le
446 1033 101 56 nom
504 1033 86 56 du
547 1033 230 56 destinataire
734 1033 72 56 a
763 1033 101 56 été
820 1033 144 56 effacé
921 1033 86 56 en
950 1033 158 56 plusieurs

133 1065 125 53 endroits
227 1065 63 53 de
258 1065 63 53 la
289 1065 115 53 lettre.
373 1065 52 53 3
383 1065 42 53 50

155 1087 84 55 Il
197 1087 98 55 lui
253 1087 154 55 demande
365 1087 84 55 un
407 1087 154 55 service
519 1087 84 55 en
561 1087 140 55 termes
660 1087 112 55 fort
730 1087 182 55 plaisants
870 1087 84 55 et
912 1087 98 55 lui
968 1087 140 55 promet
1052 1087 56 55 en

129 1137 138 38 revanche
232 1137 103 38 un
301 1137 115 38 dessin
381 1137 149 38 fièrement
485 1137 126 38 tapé

136 1159 110 64 20109
209 1159 135 64 GROUCHY
307 1159 147 64 (Emmel),
418 1159 147 64 maréchal
528 1159 74 64 de
565 1159 135 64 France.
663 1159 110 64 L.
736 1159 74 64 a.
773 1159 123 64 s.
859 1159 74 64 au
896 1159 196 64 représentant
1043 1159 61 64 Sa-

128 1217 113 43 vary;
204 1217 138 43 Nantes,
304 1217 75 43 10
342 1217 126 43 nivôse
430 1217 75 43 an
468 1217 88 43 VI,
518 1217 63 43 1
543 1217 75 43 p.
581 1217 88 43 pl.
631 1217 113 43 in-4.
707 1217 63 43 6
719 1217 38 43 »

152 1253 81 38 Il
193 1253 135 38 désire
288 1253 162 38 beaucoup
410 1253 122 38 faire
491 1253 135 38 partie
586 1253 81 38 de
626 1253 149 38 l’armée
735 1253 230 38 d’Angleterre.
924 1253 95 38 «Ma
965 1253 135 38 division

122 1276 100 51 est
179 1276 214 51 tranquille;
350 1276 142 51 aucune
449 1276 157 51 voiture
563 1276 171 51 publique
691 1276 100 51 n’y
748 1276 71 51 a
777 1276 100 51 été
834 1276 157 51 arrêtée
947 1276 142 51 depuis
1033 1276 71 51 dix

131 1320 128 41 mois;
216 1320 100 41 les
273 1320 214 41 assassinats
444 1320 71 41 y
473 1320 114 41 sont
544 1320 128 41 rares
630 1320 86 41 et
672 1320 114 41 bien
744 1320 128 41 moins
829 1320 185 41 fréquents
972 1320 100 41 que
1014 1320 86 41 dans

132 1350 159 48 l’autres
251 1350 132 48 points
343 1350 79 48 de
383 1350 79 48 la
423 1350 225 48 République...
594 1350 40 48 »

129 1376 124 67 20110
212 1376 138 67 GUIDAL
308 1376 124 67 (Max.
391 1376 138 67 Jos.),
487 1376 179 67 compromis
625 1376 110 67 dans
694 1376 83 67 la
735 1376 220 67 conspiration
914 1376 83 67 de
956 1376 151 67 Mallet,
1052 1376 55 67 et

129 1429 136 41 fusillé
228 1429 74 41 en
265 1429 111 41 1812.
339 1429 111 41 L.
413 1429 74 41 a.
451 1429 136 41 s.
550 1429 111 41 Paris
624 1429 74 41 an
661 1429 87 41 VI,
711 1429 62 41 1
735 1429 74 41 p.
773 1429 87 41 3/4
822 1429 149 41 in-fol.,
934 1429 99 41 tête
996 1429 111 41 impr.
1057 1429 50 41 et

133 1458 103 48 vignette.
212 1458 127 48 Rare
315 1458 40 48 4
323 1458 24 48 »

121 1482 291 67 GUIOT-FLORENT,
364 1482 162 67 député
477 1482 97 67 de
525 1482 97 67 la
574 1482 210 67 Côte-d’Or
736 1482 81 67 à
768 1482 97 67 la
817 1482 243 67 Convention,
995 1482 113 67 connu

134 1535 80 38 ar
174 1535 80 38 sa
214 1535 147 38 mission
321 1535 107 38 dans
388 1535 80 38 le
428 1535 134 38 Pas-de
522 1535 147 38 Calais.
629 1535 121 38 L.
710 1535 80 38 a.
750 1535 134 38 s.
844 1535 80 38 au
884 1535 174 38 ministre;
1004 1535 94 38 Paris

128 1572 87 51 an
171 1572 87 51 V,
214 1572 72 51 3
243 1572 87 51 p.
287 1572 101 51 1/2
345 1572 130 51 in-4.
432 1572 188 51 Pressante
577 1572 261 51 recommandation
794 1572 87 51 en
837 1572 145 51 faveur
939 1572 87 51 de
968 1572 130 51 Peulle-

131 1599 127 53 neuse,
220 1599 203 53 ex-capitaine
385 1599 76 53 de
423 1599 76 53 la
461 1599 114 53 place
537 1599 165 53 d’Hesdin.
664 1599 63 53 3
677 1599 38 53 »

134 1638 123 44 20112
216 1638 136 44 HÉBERT
312 1638 259 44 (Jacques-René),
530 1638 136 44 fameux
625 1638 218 44 pamphlétaire
802 1638 273 44 révolutionnaire,
1020 1638 82 44 sur-

129 1678 113 41 nommé
205 1678 113 41 le
280 1678 100 41 Pere
343 1678 213 41 Duchesne
518 1678 150 41 décapité
631 1678 75 41 en
668 1678 113 41 1794.
744 1678 113 41 L.
819 1678 75 41 a.
856 1678 125 41 s.
944 1678 63 41 à
957 1678 150 41 Jourdeuil;

127 1709 121 50 Paris,
212 1709 73 50 27
248 1709 145 50 pluviôse
357 1709 73 50 an
393 1709 85 50 II,
442 1709 61 50 1
466 1709 73 50 p.
502 1709 85 50 1/2
551 1709 109 50 in-4.
623 1709 73 50 55
648 1709 36 50 »

163 1725 236 61 Très-curieuse
357 1725 153 61 lettre.
468 1725 125 61 «J’ai
551 1725 153 61 appris,
662 1725 97 61 mon
718 1725 111 61 ami,
787 1725 97 61 que
843 1725 83 61 tu
884 1725 125 61 étais
967 1725 125 61 d’une
1037 1725 69 61 co-

124 1772 114 49 lère
195 1772 128 49 telle
280 1772 100 49 que
337 1772 85 49 le
380 1772 114 49 Père
451 1772 171 49 Duchesne
579 1772 114 49 n’en
650 1772 100 49 eut
707 1772 142 49 jamais
807 1772 85 49 de
850 1772 114 49 plus
921 1772 185 49 terrible.
1049 1772 57 49 Le

127 1815 127 49 jeune
212 1815 212 49 républicain
381 1815 155 49 employé
494 1815 113 49 dans
565 1815 99 49 les
622 1815 155 49 bureaux
735 1815 85 49 en
777 1815 99 49 est
833 1815 85 49 la
876 1815 141 49 cause,
961 1815 141 49 m’a

137 1841 63 57 lit,
176 1841 47 57 et
200 1841 47 57 il
224 1841 47 57 en
247 1841 86 57 redoute
310 1841 55 57 les
341 1841 94 57 funestes
412 1841 86 57 effets;
475 1841 63 57 dans
514 1841 47 57 un
538 1841 55 57 bon
569 1841 63 57 cœur
608 1841 47 57 la
624 1841 63 57 colère

135 1873 71 54 n’est
182 1873 55 54 pas
214 1873 47 54 de
238 1873 79 54 longue
293 1873 79 54 durée,
348 1873 47 54 et
372 1873 55 54 qui
403 1873 47 54 le
427 1873 63 54 sait
466 1873 71 54 mieux
514 1873 55 54 que
545 1873 47 54 le
569 1873 63 54 Père
600 1873 87 54 Duchesne,

136 1911 39 36 à
152 1911 54 36 qui
183 1911 47 36 il
206 1911 47 36 ne
229 1911 62 36 faut
268 1911 78 36 qu’une
322 1911 70 36 bonne
369 1911 101 36 nouvelle,
446 1911 47 36 ou
470 1911 47 36 un
493 1911 70 36 trait
539 1911 47 36 de
563 1911 101 36 sentiment
632 1911 47 36 poui

135 1937 81 40 passer
192 1937 49 40 de
216 1937 138 40 l’emportement
330 1937 49 40 le
355 1937 65 40 plus
395 1937 73 40 grand
444 1937 41 40 à
461 1937 49 40 la
485 1937 65 40 plus
526 1937 81 40 grande
583 1937 73 40 joie.
632 1937 49 40 Si
648 1937 57 40 donc,

128 1972 62 42 ami,
167 1972 47 42 tu
191 1972 117 42 connaissais
284 1972 47 42 le
307 1972 93 42 repentir
377 1972 86 42 sincère
440 1972 47 42 de
463 1972 70 42 notre
510 1972 70 42 petit
556 1972 125 42 sans-culotte
650 1972 31 42 et

129 2009 56 37 les
161 2009 80 37 bonnes
217 2009 127 37 dispositions
320 2009 48 37 de
344 2009 48 37 te
368 2009 103 37 contenter
447 2009 56 37 par
479 2009 48 37 la
503 2009 80 37 suite,
559 2009 48 37 je
583 2009 48 37 ne
606 2009 72 37 doute
646 2009 40 37 pas

133 2036 58 46 que
166 2036 50 46 tu
191 2036 67 46 n’en
233 2036 83 46 fusses
291 2036 58 46 pas
324 2036 75 46 aussi
374 2036 83 46 touché
432 2036 58 46 que
465 2036 50 46 le
490 2036 75 46 vieux
540 2036 100 46 marchand
615 2036 50 46 de
632 2036 58 46 four

114 2071 159 47 neaux...»

136 2110 74 44 20113
185 2110 91 44 HEIDEN,
251 2110 82 44 amiral
309 2110 99 44 anglais,
383 2110 115 44 commandant
474 2110 49 44 la
499 2110 82 44 flotte
556 2110 49 44 au
581 2110 82 44 combât
639 2110 49 44 de
655 2110 58 44 Nava-

127 2146 84 42 rin.
180 2146 95 42 L.
243 2146 63 42 a.
275 2146 116 42 s.
359 2146 63 42 en
390 2146 137 42 français,
496 2146 74 42 3/4
538 2146 63 42 de
569 2146 63 42 p.
601 2146 63 42 in
632 2146 63 42 8.
664 2146 53 42 2
674 2146 32 42 »
