1156 2223
539 13 83 67 —
572 13 99 67 11
605 13 50 67 —

138 68 122 70 20131
220 68 150 70 LACOSTE
329 68 95 70 (J.
383 68 109 70 B.),
451 68 245 70 iconventionnel
655 68 82 70 du
696 68 150 70 Cantal,
805 68 122 70 connu
887 68 95 70 par
941 68 95 70 ses
982 68 136 70 missions

145 122 98 51 lans
206 122 73 51 la
243 122 195 51 Haute-Loire.
401 122 110 51 L.
475 122 73 51 a.
511 122 122 51 s.
597 122 61 51 à
621 122 86 51 son
670 122 147 51 collègue
780 122 183 51 Saint-Just,
927 122 61 51 1
951 122 73 51 p.
988 122 86 51 pl.
1024 122 86 51 in

143 152 79 49 Il
182 152 157 49 l’invite
300 152 66 49 à
327 152 118 49 faire
405 152 157 49 imprimer
523 152 92 49 des
576 152 131 49 pièces
668 152 66 49 à
694 152 144 49 l’appui
799 152 66 49 à
825 152 79 49 la
865 152 118 49 suite
943 152 79 49 de
983 152 79 49 la
1009 152 105 49 dénon-

139 193 156 37 ciation
252 193 142 37 contre
352 193 99 37 les
408 193 184 37 girondins
550 193 85 37 et
593 193 85 37 ce
636 193 71 37 à
664 193 142 37 15,000
763 193 227 37 exemplaires,
948 193 85 37 vu
990 193 128 37 qu’on
1061 193 57 37 en

138 221 135 52 demande
236 221 74 52 de
273 221 123 52 toutes
359 221 123 52 parts.
445 221 61 52 5
457 221 37 52 »

138 261 114 54 20132
214 261 152 54 LAFOREST
329 261 89 54 (le
379 261 89 54 cte
430 261 101 54 de),
493 261 140 54 célèbre
595 261 190 54 ambassadeur
747 261 76 54 en
785 261 152 54 Espagne.
899 261 114 54 L.
975 261 76 54 a.
1001 261 114 54 s.

137 292 76 54 29
175 292 101 54 mars
239 292 114 54 1815,
315 292 63 54 1
340 292 76 54 p.
378 292 89 54 pl.
428 292 114 54 in-8.
504 292 63 54 3
517 292 38 54 »

146 339 121 41 20133
226 339 148 41 LAHARPE
334 339 162 41 (Emmel),
456 339 121 41 brave
536 339 148 41 général
644 339 135 41 suisse
739 339 81 41 au
779 339 148 41 service
887 339 81 41 de
927 339 162 41 laFrance
1035 339 81 41 mort

142 364 217 53 glorieusement
321 364 77 53 en
359 364 140 53 Italie.
461 364 115 53 L.
538 364 77 53 a.
576 364 128 53 s.
665 364 77 53 au
704 364 140 53 général
806 364 191 53 Kellermann;
959 364 64 53 4
972 364 140 53 thermidor

135 405 88 45 an
179 405 117 45 III,
252 405 73 45 1
282 405 88 45 p.
325 405 102 45 3/4
384 405 132 45 in-4.
472 405 73 45 4
486 405 44 45 »

167 434 123 56 Ayant
249 434 164 56 sacrifié
372 434 123 56 toute
454 434 82 56 sa
495 434 150 56 fortune
605 434 82 56 au
646 434 150 56 service
755 434 82 56 de
796 434 82 56 la
837 434 150 56 France,
946 434 82 56 et
987 434 96 56 ses
1028 434 82 56 res-

133 477 159 50 sources
248 477 217 50 s’épuisant,
422 477 87 50 il
465 477 159 50 demande
581 477 116 50 s’il
653 477 87 50 ne
697 477 174 50 pourrait
827 477 116 50 pas,
899 477 116 50 sans
971 477 159 50 manquer
1073 477 43 50 à

129 507 198 42 l’honneur,
284 507 85 42 se
327 507 155 42 retirer
439 507 71 42 à
468 507 85 42 la
510 507 99 42 fin
566 507 85 42 de
609 507 85 42 la
651 507 169 42 campagne
778 507 85 42 et
821 507 141 42 donner
919 507 85 42 sa
948 507 169 42 démission.

134 540 118 52 20134
213 540 158 52 LAGRANGE
331 540 184 52 (Charles),
476 540 145 52 célèbre
581 540 263 52 révolutionnaire,
805 540 211 52 représentant
976 540 79 52 du
1003 540 105 52 peuple

139 580 69 59 en
174 580 104 59 1848.
243 580 104 59 L.
313 580 69 59 a.
347 580 115 59 s.
428 580 58 59 à
451 580 69 59 M.
486 580 127 59 Drouin;
578 580 104 59 avril
647 580 104 59 1849.
716 580 58 59 2
739 580 69 59 p.
774 580 104 59 in-8.
843 580 58 59 2
855 580 46 59 50

163 608 173 67 Curieuse
292 608 159 67 épître,
408 608 87 67 où
451 608 87 67 il
494 608 130 67 donne
581 608 101 67 des
639 608 260 67 renseignements
855 608 245 67 biographiques
1043 608 72 67 sur

120 639 171 66 lui

378 679 91 56 20135
439 679 112 56 LAHORIE
520 679 101 56 (Vor),
591 679 122 56 général,
682 679 132 56 compromis
783 679 81 56 dans
834 679 61 56 la
865 679 162 56 conspiration
996 679 61 56 du
1017 679 91 56 général

134 728 88 56 Mal
185 728 63 56 t
210 728 75 56 en
247 728 113 56 1812,
323 728 75 56 et
360 728 151 56 fusillé.
474 728 113 56 L.
549 728 75 56 a.
587 728 138 56 s.
687 728 113 56 Paris
762 728 75 56 an
800 728 88 56 XI,
850 728 63 56 1
875 728 75 56 p.
913 728 88 56 pl.
963 728 113 56 in-4.
1026 728 88 56 Très-

146 756 75 45 jolie
196 756 92 45 lettre.
262 756 42 45 2
271 756 33 45 75

138 796 106 63 20136
209 796 153 63 LAMARTINE
326 796 82 63 (A.
373 796 94 63 de),
432 796 129 63 célèbre
526 796 106 63 poëte
597 796 71 63 et
632 796 106 63 homme
702 796 129 63 d’État.
796 796 106 63 L.
867 796 71 63 a.
902 796 118 63 s.
984 796 59 63 1
996 796 47 63 p.

138 834 74 43 in-8.
187 834 41 43 2
195 834 25 43 »

138 854 110 73 20137
211 854 135 73 LAPLACE
309 854 86 73 (le
359 854 86 73 mis
408 854 98 73 de),
469 854 135 73 célèbre
567 854 172 73 astronome.
702 854 110 73 L.
776 854 74 73 a.
812 854 123 73 s.
898 854 61 73 à
923 854 74 73 M.
960 854 147 73 Bouvard;
1058 854 61 73 3/4

135 898 70 53 de
170 898 70 53 p.
206 898 105 53 in-8.
276 898 129 53 Détails
370 898 211 53 scientifiques.
545 898 59 53 5
557 898 35 53 »

132 927 121 65 20138
212 927 174 65 LARIVIÈRE
346 927 147 65 (Michel
453 927 134 65 PONCET
547 927 107 65 de),
614 927 134 65 évêque
707 927 174 65 d’Angers,
841 927 201 65 prédicateur
989 927 121 65 distin-

131 982 101 52 gué,
195 982 126 52 membre
283 982 76 52 de
321 982 139 52 l’Acad.
422 982 88 52 fr.
472 982 114 52 L.
548 982 76 52 a.
586 982 139 52 s.
687 982 139 52 Angers,
788 982 76 52 24
826 982 101 52 mars
889 982 114 52 1726,
965 982 63 52 1
990 982 76 52 p.
1016 982 88 52 in

145 1015 64 42 Rare
196 1015 21 42 9
200 1015 13 42 »

600 1030 61 73 20139
641 1030 40 73 LA
661 1030 115 73 ROCHEFOUCAULD
755 1030 88 73 (François
823 1030 47 73 VI,
850 1030 47 73 duc
877 1030 54 73 de),
910 1030 81 73 l’auteur
971 1030 47 73 des
991 1030 115 73 Maximes

599 1087 57 49 L.
637 1087 38 49 a.
656 1087 63 49 s.
700 1087 32 49 à
713 1087 51 49 Mlle
745 1087 38 49 de
764 1087 76 49 Scudéry;
821 1087 63 49 Paris,
865 1087 38 49 22
884 1087 57 49 août,
922 1087 32 49 2
935 1087 38 49 p.
954 1087 57 49 in-4,
992 1087 70 49 cachets
1043 1087 38 49 et
1056 1087 44 49 soies

141 1116 128 47 Très-jolie
242 1116 101 47 lettre.
315 1116 64 47 140
343 1116 28 47 »

420 1135 82 65 20140
475 1135 101 65 LASALLE
548 1135 128 65 (Charles),
649 1135 55 65 le
676 1135 73 65 plus
722 1135 110 65 brillant
804 1135 101 65 général
877 1135 55 65 de
905 1135 119 65 cavalerie
996 1135 64 65 des
1024 1135 82 65 guerres

750 1188 71 52 1
778 1188 85 52 p.
821 1188 170 52 in-fol.,
948 1188 113 52 tête
1005 1188 99 52 impr.

129 1186 74 46 de
166 1186 160 46 l’Empire,
288 1186 86 46 tué
337 1186 61 46 à
362 1186 147 46 WVagram.
472 1186 110 46 L.
546 1186 74 46 a.
583 1186 135 46 s.
681 1186 74 46 an
706 1186 61 46 IX,

135 1222 49 46 et
159 1222 106 46 vignette.
241 1222 130 46 Rare
346 1222 41 46 3
354 1222 33 46 50

141 1238 122 73 20141
223 1238 136 73 LAUNEY
318 1238 95 73 (le
372 1238 95 73 mis
427 1238 109 73 de),
495 1238 190 73 gouverneur
644 1238 82 73 de
685 1238 82 73 la
726 1238 177 73 Bastille,
861 1238 95 73 mis
916 1238 68 73 à
943 1238 109 73 mort
1011 1238 95 73 par
1052 1238 54 73 le

138 1301 120 47 peuple
222 1301 108 47 après
294 1301 72 47 la
330 1301 108 47 prise
403 1301 72 47 de
439 1301 108 47 cette
511 1301 180 47 forteresse.
655 1301 108 47 L.
727 1301 72 47 a.
763 1301 120 47 s.
847 1301 60 47 à
872 1301 132 47 Mgr...;
968 1301 60 47 à
992 1301 72 47 la
1016 1301 84 47 Bas-

129 1332 122 50 tille,
214 1332 61 50 6
238 1332 85 50 mai
287 1332 110 50 1780,
360 1332 61 50 1
384 1332 73 50 p.
421 1332 134 50 in-fol.
518 1332 110 50 Belle
591 1332 122 50 pièce.
676 1332 61 50 9
689 1332 37 50 »

129 1366 152 52 LEBRUN
235 1366 121 52 (Ch.
311 1366 137 52 Fr.),
402 1366 106 52 duc
463 1366 91 52 de
508 1366 212 52 Plaisance,
675 1366 167 52 consul,
797 1366 212 52 traducteur
948 1366 152 52 d’Homère

125 1386 136 62 membre
221 1386 82 62 de
261 1386 150 62 l’Acad.
370 1386 163 62 fr.L.
492 1386 82 62 a.
533 1386 136 62 s.
628 1386 68 62 à
655 1386 177 62 Napoléon;
791 1386 136 62 Gènes,
887 1386 82 62 20
927 1386 150 62 février
1022 1386 82 62 1806

131 1430 54 51 1
153 1430 65 51 p.
185 1430 119 51 in-fol.
272 1430 141 51 Curieuse.
381 1430 54 51 3
392 1430 43 51 50

128 1455 126 60 20143
212 1455 168 60 LECOURBE
338 1455 112 60 (Ch.
407 1455 126 60 Jos.,
491 1455 154 60 comte),
603 1455 154 60 général
715 1455 84 60 en
757 1455 126 60 chef,
841 1455 98 60 ami
896 1455 84 60 du
938 1455 154 60 général
1036 1455 70 60 Mo-

132 1508 123 49 reau,
215 1508 178 49 défenseur
352 1508 82 49 de
393 1508 165 49 Belfort,
516 1508 82 49 en
557 1508 123 49 1815.
640 1508 123 49 L.
722 1508 82 49 a.
763 1508 137 49 s.
859 1508 82 49 au
900 1508 151 49 général
996 1508 110 49 Gudin;

126 1544 63 38 6
152 1544 139 38 vendém.
252 1544 76 38 an
290 1544 113 38 VIII,
366 1544 63 38 2
391 1544 76 38 p.
429 1544 88 38 pl.
479 1544 151 38 in-fol.,
593 1544 101 38 tête
656 1544 113 38 impr.
732 1544 76 38 et
769 1544 164 38 vignette.
896 1544 63 38 5
908 1544 38 38 »

160 1569 125 56 Toute
244 1569 167 56 relative
369 1569 97 56 aux
424 1569 195 56 opérations
577 1569 195 56 militaires
730 1569 83 56 en
772 1569 153 56 Suisse;
883 1569 153 56 Masséna
995 1569 70 56 a
1009 1569 97 56 battu

130 1601 94 62 les
183 1601 135 62 Russes
278 1601 81 62 et
318 1601 94 62 les
372 1601 215 62 Autrichiens,
547 1601 94 62 tué
601 1601 81 62 le
641 1601 148 62 général
749 1601 135 62 Hotze,
843 1601 108 62 pris
910 1601 94 62 200
964 1601 135 62 pièces
1045 1601 54 62 de

124 1647 132 41 canon
198 1647 88 41 etc.

135 1674 108 58 20144
207 1674 72 58 LE
243 1674 108 58 MAIRE
315 1674 108 58 (Ant.
388 1674 108 58 Fr.),
460 1674 168 58 publiciste
592 1674 241 58 révolutionnaire,
796 1674 120 58 auteur
881 1674 84 58 des
917 1674 192 58 Lettres

131 1713 143 47 b...
235 1713 207 47 patriotiques
403 1713 78 47 du
442 1713 104 47 Père
507 1713 168 47 Duchesne.
636 1713 78 47 L.
675 1713 78 47 a.
714 1713 130 47 s.
805 1713 65 47 à
831 1713 143 47 Palloy;
935 1713 78 47 23
973 1713 91 47 mai
1012 1713 91 47 1792,

129 1756 72 53 3/4
170 1756 62 53 de
201 1756 62 53 p.
232 1756 93 53 in-4.
294 1756 52 53 5
305 1756 41 53 50

162 1770 219 68 Remerciments
340 1770 82 68 du
381 1770 137 68 cadeau
477 1770 123 68 qu’il
559 1770 96 68 lui
613 1770 68 68 a
641 1770 150 68 envoyé;
750 1770 82 68 il
791 1770 96 68 lui
845 1770 82 68 en
886 1770 137 68 aurait
982 1770 109 68 plus
1037 1770 68 68 tôt

135 1825 161 40 exprimé
253 1825 88 40 sa
297 1825 264 40 reconnaissance
517 1825 117 40 s’il
590 1825 161 40 n’avait
708 1825 103 40 pas
766 1825 88 40 eu
810 1825 117 40 tant
884 1825 88 40 de
928 1825 191 40 fourneaux
1060 1825 44 40 à

118 1863 103 40 faire.

137 1870 124 63 20145
220 1870 151 63 LENGLET
330 1870 83 63 DU
371 1870 151 63 FRESNOY
481 1870 151 63 (l’abbé
591 1870 124 63 Nas),
674 1870 151 63 célèbre
784 1870 179 63 historien
921 1870 83 63 et
962 1870 138 63 érudit
1045 1870 55 63 du

141 1927 186 50 dix-huitième
293 1927 128 50 siècle.
386 1927 105 50 L.
456 1927 70 50 a.
491 1927 116 50 s.
572 1927 58 50 à
596 1927 128 50 Mgr...;
689 1927 116 50 Paris,
770 1927 58 50 7
794 1927 128 50 octobre
887 1927 105 50 1748,
957 1927 58 50 4
968 1927 47 50 p.

138 1960 81 47 in-fol.
196 1960 44 47 13
211 1960 22 47 »

165 1974 139 64 Superbe
266 1974 139 64 lettre,
367 1974 76 64 où
405 1974 76 64 il
443 1974 114 64 parle
519 1974 76 64 de
557 1974 88 64 son
607 1974 240 64 Lactance
810 1974 88 64 qui
860 1974 76 64 va
898 1974 126 64 finir,
986 1974 76 64 et
1024 1974 76 64 de
1049 1974 51 64 la

138 2027 194 39 réimpression
296 2027 85 39 des
344 2027 133 39 Acta
441 2027 218 39 legationis
623 2027 61 39 à
647 2027 146 39 laquelle
756 2027 73 39 il
793 2027 121 39 mettra
878 2027 97 39 tout
938 2027 85 39 son
987 2027 109 39 soin.
1047 2027 61 39 Cu-

129 2062 123 53 rieux
211 2062 150 53 détails
320 2062 95 53 sur
375 2062 95 53 cet
416 2062 136 53 ouvrage.

137 2099 122 51 20146
219 2099 190 51 LETOURNEUR
368 2099 122 51 (Ant.
450 2099 122 51 Ch.),
531 2099 136 51 député
627 2099 82 51 de
667 2099 82 51 la
708 2099 136 51 Manche
803 2099 68 51 à
830 2099 82 51 la
871 2099 204 51 Conventien,
1020 2099 82 51 puis

130 2145 171 48 président
261 2145 79 48 du
301 2145 197 48 Directoire.
458 2145 118 48 L.
537 2145 79 48 a.
577 2145 131 48 s.
668 2145 92 48 aux
721 2145 250 48 administrateurs
931 2145 79 48 de
971 2145 79 48 la
997 2145 105 48 Loire
