1246 2210
473 2 126 57 —
523 2 151 57 13
574 2 76 57 —

129 44 125 65 20161
212 44 125 65 MARAT
295 44 97 65 (J.
351 44 111 65 P.),
420 44 138 65 fameux
517 44 194 65 publiciste
669 44 83 65 et
711 44 249 65 conventionnel,
918 44 180 65 assassiné
1043 44 69 65 par

136 91 170 48 Charlotte
267 91 144 48 Corday.
372 91 118 48 L.
450 91 79 48 a.
490 91 131 48 s.
582 91 66 48 à
608 91 105 48 Cam.
673 91 197 48 Desmoulins;
831 91 79 48 19
870 91 92 48 mai
922 91 118 48 1792,
1001 91 66 48 1
1027 91 79 48 p.
1053 91 66 48 3/4

65 137 775 38 in-8.
581 137 517 38 80
754 137 258 38 »

172 156 96 58 Lés
227 156 151 58 ennemis
337 156 82 58 de
378 156 82 58 la
420 156 137 58 patrie
516 156 151 58 l’ayant
626 156 96 58 mis
681 156 82 58 de
722 156 151 58 nouveau
832 156 110 58 sous
900 156 82 58 le
942 156 137 58 glaive
1024 156 55 58 de

140 204 76 46 la
178 204 165 46 tyrannie,
306 204 76 46 il
344 204 89 46 lui
394 204 127 46 envoie
483 204 102 46 deux
547 204 140 46 lettres
649 204 64 46 à
674 204 140 46 insérer
776 204 102 46 dans
839 204 76 46 la
878 204 178 46 Tribune
1005 204 114 46 des

137 230 270 54 patriotes
368 230 128 54 «Comme
458 230 116 54 c’est
535 230 77 54 un
574 230 116 54 point
651 230 167 54 important
779 230 64 54 à
805 230 77 54 la
843 230 141 54 liberté
946 230 90 54 que
998 230 90 54 les
1036 230 90 54 jour-

140 264 174 47 nalistes
270 264 101 47 qui
328 264 203 47 trahissent
487 264 87 47 sa
531 264 130 47 cause
618 264 145 47 soient
719 264 203 47 démasqués,
878 264 87 47 je
922 264 188 47 meoflatte
1052 264 87 47 que-

147 304 112 44 vous
217 304 70 44 y
245 304 196 44 attacherez
399 304 154 44 quelque
512 304 168 44 prix...»
624 304 42 44 }

152 332 112 51 20162
226 332 162 51 MARCHAND,
351 332 112 51 valet
425 332 75 51 de
463 332 137 51 chambre
562 332 75 51 de
599 332 149 51 Napoléon
711 332 62 51 à
736 332 224 51 Sainte-Hélène.
923 332 112 51 L.
998 332 75 51 a.
1022 332 100 51 s.

143 380 74 39 22
180 380 86 39 mai
229 380 111 39 1828,
303 380 62 39 1
328 380 74 39 p.
365 380 86 39 pl.
414 380 111 39 in-4.
488 380 111 39 Jolie
562 380 136 39 lettre.
661 380 62 39 4
673 380 37 39 »

158 408 94 70 20163
220 408 94 70 MARET
283 408 136 70 (Hugues),
388 408 73 70 duc
430 408 63 70 de
462 408 126 70 Bassano,
556 408 136 70 laborieux
661 408 126 70 ministre
756 408 63 70 de
787 408 126 70 Napoléon
871 408 63 70 Ier,

153 447 99 57 membre
222 447 59 57 de
252 447 109 57 l’Acad.
331 447 69 57 fr.
371 447 89 57 L.
431 447 59 57 a.
460 447 99 57 s.
530 447 59 57 au
559 447 69 57 duc
599 447 139 57 d’Otrante;
708 447 109 57 Dresde,
787 447 59 57 12
817 447 79 57 août
857 447 69 57 1813.

176 487 44 56 2
194 487 52 56 p.
220 487 61 56 3/4
255 487 96 56 in-fol.
324 487 44 56 3
333 487 35 56 50

174 498 190 69 Très-belle
324 498 122 69 pièce
405 498 177 69 politique
541 498 163 69 relative
663 498 68 69 à
690 498 204 69 l’Empereur,
853 498 95 69 qui
908 498 81 69 se
948 498 122 69 porte
1030 498 68 69 à
1044 498 81 69 mer-

152 558 162 48 veille.
270 558 103 48 «Il
329 558 74 48 a
359 558 148 48 appris
462 558 89 48 la
507 558 192 48 défection
654 558 89 48 de
699 558 207 48 l’Autriche
861 558 118 48 sans
935 558 148 48 humeur
1024 558 103 48 comme

153 575 112 74 sans
223 575 196 74 inquiétude
377 575 84 74 et
419 575 84 74 se
461 575 112 74 sent
531 575 126 74 assez
615 575 84 74 de
658 575 154 74 troupes
770 575 84 74 et
812 575 84 74 du
854 575 126 74 génie
938 575 84 74 de
980 575 126 74 reste
1050 575 84 74 pour

155 626 116 47 faire
232 626 103 47 face
297 626 64 47 à
309 626 129 47 tout...»

162 655 132 53 20164
250 655 132 53 MÉHUL
338 655 117 53 (Ét.
411 655 161 53 Henri),
528 655 161 53 célèbre
645 655 219 53 compositeur
820 655 88 53 de
864 655 175 53 musique,
996 655 146 53 membre
1084 655 58 53 de

162 692 177 48 l’Institut.
304 692 106 48 Pièce
375 692 106 48 a.
446 692 130 48 s.
541 692 59 48 2
564 692 71 48 p.
600 692 83 48 3/4
647 692 130 48 in-fol.
742 692 71 48 Il
777 692 106 48 donne
848 692 83 48 son
895 692 95 48 avis
955 692 83 48 sur
1002 692 71 48 le
1026 692 106 48 travail

157 740 89 37 des
208 740 164 37 aspirants
334 740 76 37 au
372 740 114 37 grand
448 740 101 37 prix
511 740 76 37 de
549 740 202 37 composition.
714 740 76 37 12
739 740 38 37 »

164 762 131 60 20165
252 762 146 60 MERLIN
354 762 87 60 DE
397 762 204 60 THIONVILLE
558 762 102 60 (A.
616 762 146 60 Chr.),
718 762 262 60 conventionnel,
936 762 131 60 connu
1024 762 102 60 par
1067 762 73 60 ses

158 804 157 54 missions
275 804 91 54 aux
328 804 144 54 armées.
432 804 117 54 L.
510 804 78 54 a.
550 804 131 54 s.
641 804 91 54 aux
693 804 144 54 membres
798 804 78 54 du
837 804 196 54 Directoire;
993 804 78 54 21
1020 804 117 54 thermi-

158 831 88 68 dor
209 831 76 68 an
247 831 88 68 VI,
297 831 63 68 1
322 831 76 68 p.
360 831 88 68 1/2
411 831 151 68 in-fol.,
524 831 101 68 avec
587 831 164 68 apostille
714 831 114 68 a.
789 831 76 68 s.
890 831 76 68 de
928 831 126 68 Merlin
1016 831 76 68 de
1042 831 88 68 Douai

1045 862 93 43 3
1063 862 74 43 50

188 889 87 67 Il
231 889 87 67 se
274 889 145 67 plaint
376 889 188 67 amèrement
521 889 87 67 du
564 889 232 67 représentant
753 889 159 67 Tureau,
869 889 101 67 qui
927 889 72 67 a
956 889 174 67 condamné
1072 889 72 67 son

158 937 121 61 frère
238 937 94 61 aux
292 937 148 61 arrêts.
399 937 148 61 Détails
507 937 67 61 à
534 937 81 61 ce
561 937 107 61 sujet.

163 978 122 61 20166
245 978 190 61 MIACZINSKI
394 978 122 61 (Jh),
475 978 149 61 célèbre
584 978 149 61 général
692 978 163 61 polonais
814 978 163 61 décapité
937 978 81 61 en
977 978 122 61 1794,
1045 978 95 61 comme

161 1007 167 69 complice
287 1007 84 69 de
328 1007 195 69 Dumouriez.
482 1007 125 69 L.
565 1007 84 69 a.
607 1007 139 69 s.
705 1007 70 69 à
733 1007 139 69 M....;
830 1007 125 69 1792,
914 1007 70 69 2
942 1007 84 69 p.
984 1007 125 69 in-4.
1081 1007 70 69 4
1095 1007 56 69 50

193 1049 138 58 Belle
285 1049 168 58 lettre,
407 1049 92 58 où
453 1049 92 58 il
499 1049 168 58 demande
621 1049 77 58 à
652 1049 122 58 être
729 1049 168 58 employé
851 1049 138 58 comme
928 1049 214 58 maréchal-

163 1084 130 64 camp,
249 1084 86 64 et
292 1084 173 64 s’appuie
422 1084 86 64 de
465 1084 86 64 la
508 1084 202 64 protection
666 1084 86 64 de
695 1084 173 64 Dumouriez.

170 1115 108 65 20167
242 1115 132 65 MILLARD
338 1115 168 65 (Charles),
470 1115 204 65 conventionnel
638 1115 72 65 de
674 1115 240 65 Saône-et--Loire.
878 1115 108 65 L.
950 1115 72 65 a.
986 1115 120 65 s.
1070 1115 60 65 à
1082 1115 60 65 ses

164 1155 192 57 collègues;
315 1155 123 57 Paris
397 1155 82 57 an
439 1155 110 57 III,
507 1155 69 57 1
535 1155 82 57 p.
576 1155 96 57 1/2
631 1155 123 57 in-4.
713 1155 110 57 Rare
782 1155 82 57 et
823 1155 165 57 curieuse
946 1155 137 57 lettre
1042 1155 96 57 sur
1083 1155 69 57 les

170 1194 168 54 habitants
300 1194 78 54 du
339 1194 194 54 département
494 1194 78 54 de
533 1194 246 54 Saône-et-Loire.
740 1194 65 54 3
753 1194 52 54 50

172 1229 116 59 20168
249 1229 155 59 MIRABEAU
366 1229 103 59 (Vor
430 1229 168 59 Riquetti,
559 1229 90 59 mis
610 1229 103 59 de),
675 1229 181 59 économiste
817 1229 155 59 surnommé
933 1229 155 59 l'ami
1036 1229 116 59 des

176 1273 227 48 hommes
365 1273 76 48 1°
403 1273 113 48 L.
479 1273 76 48 a.
517 1273 126 48 s.
605 1273 76 48 au
643 1273 113 48 comte
718 1273 101 48 ...,
781 1273 76 48 14
819 1273 88 48 mai
870 1273 113 48 1783,
945 1273 88 48 3/4
996 1273 76 48 de
1034 1273 76 48 p.
1059 1273 88 48 in

178 1299 79 55 20
217 1299 119 55 L.
296 1299 132 55 a.
389 1299 79 55 au
428 1299 119 55 même,
507 1299 132 55 Paris,
600 1299 79 55 18
639 1299 105 55 août
705 1299 119 55 1784,
784 1299 66 55 1
810 1299 79 55 p.
850 1299 92 55 3/4
903 1299 119 55 in-4,
982 1299 171 55 curieuse;
1100 1299 53 55 30

177 1335 106 52 L.
248 1335 117 52 a.
330 1335 59 52 à
353 1335 70 52 M.
389 1335 70 52 de
424 1335 141 52 Montort,
530 1335 70 52 19
565 1335 106 52 févr.
635 1335 106 52 1789,
706 1335 82 52 1/2
753 1335 70 52 p.
788 1335 106 52 in-4,
858 1335 129 52 cachet;
952 1335 70 52 4°
988 1335 59 52 2
1011 1335 94 52 L.
1058 1335 94 52 s

176 1361 74 65 à
206 1361 89 65 M.
250 1361 148 65 Maury,
354 1361 148 65 avocat
458 1361 89 65 au
503 1361 163 65 Bignon,
622 1361 134 65 1752,
711 1361 74 65 4
740 1361 89 65 p.
785 1361 104 65 1/2
844 1361 134 65 in-4,
933 1361 193 65 curieuse;
1082 1361 89 65 50
1111 1361 45 65 7

167 1405 251 59 projets
350 1405 137 59 et
418 1405 274 59 mémoires
624 1405 206 59 aut.,
761 1405 137 59 13
829 1405 137 59 p.
898 1405 206 59 in-4.
1035 1405 137 59 12
1081 1405 69 59 »

185 1436 125 65 20169
268 1436 139 65 MOMORO
365 1436 97 65 (A.
421 1436 125 65 Fr.),
504 1436 194 65 imprimeur,
656 1436 139 65 ardent
753 1436 208 65 hébertiste,
919 1436 208 65 commissaire
1072 1436 83 65 dans

177 1475 79 58 la
216 1475 145 58 Vendée,
322 1475 158 58 décapité
441 1475 79 58 en
480 1475 119 58 1794.
560 1475 119 58 L.
639 1475 79 58 a.
679 1475 132 58 s.
771 1475 66 58 à
797 1475 92 58 ses
850 1475 172 58 collègues
982 1475 79 58 de
1022 1475 79 58 la
1048 1475 119 58 Commune

179 1515 74 53 de
216 1515 110 53 Paris
289 1515 135 53 (1793),
387 1515 61 53 1
412 1515 74 53 p.
448 1515 86 53 pl.
497 1515 135 53 in-fol.
595 1515 110 53 Belle
669 1515 135 53 lettre,
767 1515 61 53 3
779 1515 37 53 »

208 1538 119 67 «...
283 1538 89 67 Le
327 1538 164 67 général
446 1538 194 67 Rossignol
595 1538 119 67 vous
670 1538 179 67 présente
804 1538 89 67 en
848 1538 223 67 Républicain
1027 1538 89 67 le
1057 1538 104 67 salut

179 1577 192 58 fraternel
327 1577 89 58 et
372 1577 118 58 vous
446 1577 148 58 promet
549 1577 89 58 de
594 1577 118 58 vous
668 1577 222 58 débarrasser
845 1577 118 58 sous
919 1577 89 58 un
964 1577 118 58 mois
1038 1577 89 58 au
1067 1577 89 58 plus

175 1627 97 51 de
223 1627 97 51 la
272 1627 226 51 Vendée...»

197 1666 64 46 20171
240 1666 93 46 MONTHOLON
311 1666 85 46 (Tristan
375 1666 57 46 de),
410 1666 85 46 général,
474 1666 93 46 compagnon
546 1666 71 46 d’exil
595 1666 43 46 de
617 1666 85 46 Napoléon
674 1666 21 46 à

184 1682 247 68 Sainte-Hélène,
390 1682 137 68 auteur
486 1682 82 68 de
527 1682 219 68 Mémoires.
705 1682 82 68 L.
746 1682 82 68 a.
787 1682 137 68 s.
883 1682 82 68 au
924 1682 205 68 général...;
1088 1682 82 68 11
1116 1682 68 68 fé-

183 1721 133 57 vrier
272 1721 133 57 1852,
361 1721 74 57 3
391 1721 89 57 p.
435 1721 104 57 1/2
495 1721 133 57 in-8.
584 1721 148 57 Chaude
687 1721 267 57 recommandation
910 1721 89 57 en
954 1721 148 57 faveur
1058 1721 89 57 du
1088 1721 74 57 ca-

188 1757 171 57 pitaine
313 1757 186 57 Gaillard
452 1757 93 57 de
499 1757 233 57 l’ancien-7e
685 1757 93 57 de
732 1757 155 57 ligne,
840 1757 140 57 homme
933 1757 155 57 dévoué
1042 1757 78 57 à
1057 1757 109 57 l’Em-

200 1809 66 46 pire.
244 1809 37 46 3
251 1809 22 46 »

194 1825 108 63 20172
266 1825 120 63 MOREAU
350 1825 156 63 (Victor),
469 1825 132 63 général
565 1825 72 63 en
601 1825 108 63 chef,
673 1825 72 63 né
709 1825 60 63 à
733 1825 144 63 Morlaix.
841 1825 108 63 L.
913 1825 72 63 a.
948 1825 120 63 s.
1032 1825 72 63 au
1056 1825 108 63 général

193 1862 158 65 Lecourbe
311 1862 92 65 (an
364 1862 92 65 V),
417 1862 92 65 3/4
469 1862 79 65 de
509 1862 79 65 p.
548 1862 105 65 in-4
614 1862 105 65 tête
680 1862 158 65 imprimée
798 1862 79 65 et
838 1862 171 65 vignette.
969 1862 66 65 4
983 1862 39 65 »

91 1890 115 85 20173
168 1890 154 85 MORGAGNI
283 1890 90 85 (J.
334 1890 102 85 B.),
398 1890 154 85 illustre
513 1890 179 85 anatomiste
654 1890 154 85 italien.
769 1890 115 85 L.
846 1890 77 85 a.
885 1890 141 85 s.
987 1890 77 85 19
1025 1890 102 85 sept
1076 1890 90 85 1746,

217 1952 57 59 1
239 1952 69 59 p.
274 1952 80 59 pl.
319 1952 91 59 pet.
376 1952 103 59 in-4.
445 1952 103 59 Belle
513 1952 114 59 pièce.
593 1952 57 59 4
605 1952 34 59 »

102 1967 120 84 20174
182 1967 120 84 MURAT
261 1967 186 84 (Joachim),
408 1967 93 84 roi
461 1967 80 84 de
501 1967 146 84 Naples.
607 1967 120 84 L.
687 1967 80 84 a.
727 1967 80 84 s.
767 1967 80 84 J.
807 1967 213 84 Napoléon
980 1967 67 84 à
1006 1967 93 84 son
1060 1967 120 84 neveu
1126 1967 40 84 :

196 2020 162 55 Reggio,
314 2020 89 55 20
359 2020 118 55 mars
432 2020 118 55 1814
506 2020 103 55 3/4
565 2020 89 55 de
609 2020 89 55 p.
654 2020 133 55 in-4.
742 2020 89 55 Il
786 2020 89 55 le
831 2020 177 55 remercie
963 2020 103 55 des
1008 2020 162 55 nouvelles

198 2058 112 68 qu’il
272 2058 87 68 lui
322 2058 62 68 a
347 2058 137 68 données
447 2058 75 68 de
485 2058 187 68 l’Empereur.
635 2058 62 68 7
647 2058 50 68 50

96 2093 119 73 20175
175 2093 158 73 NAPOLÉON
294 2093 79 73 II
333 2093 198 73 (François),
491 2093 119 73 filsi
570 2093 79 73 de
610 2093 158 73 Napoléon
729 2093 79 73 et
768 2093 79 73 de
808 2093 224 73 Marie-Louise.
992 2093 119 73 L.
1058 2093 119 73 a.
