1273 2013
-30 22 684 109 LETTRES
405 22 809 109 AUTOGRAPHES

152 147 195 90 ET
250 147 423 90 DOCUMENTS
575 147 488 90 HISTORIQUES
933 147 130 90 25

74 251 251 65 MAISON
250 251 251 65 FONDÉE
425 251 151 65 EN
501 251 201 65 1830
626 251 176 65 PAR
726 251 151 65 J.
802 251 301 65 CHARAVAY
1002 251 151 65 AINÉ

486 324 106 67 et
539 324 194 67 dirigée
663 324 88 67 par

224 385 304 87 ÉTIENNE
445 385 332 87 CHARAVAY
694 385 221 87 FILS
832 385 166 87 ET
887 385 111 87 S°

170 470 523 59 ARCHIVISTE-PALÉOGRAPHE,
634 470 194 59 EXPERT
770 470 116 59 EN
808 470 252 59 AUTOGRAPHES

306 540 118 69 A
354 540 236 69 Paris,
518 540 165 69 rue
613 540 141 69 de
683 540 236 69 Seine,
825 540 94 69 54

276 597 215 74 ci-devant
441 597 116 74 rue
507 597 116 74 des
573 597 347 74 Grands-Augustins,
870 597 99 74 26
903 597 50 74 )

74 681 414 57 CORRESPONDANT
414 681 268 57 SPÉCIAL
609 681 122 57 A
657 681 268 57 LONDRES
852 681 122 57 :
901 681 146 57 F.
949 681 195 57 NAYLOR

384 731 90 69 4,
429 731 165 69 Millman
549 731 165 69 street,
668 731 165 69 Bedford
773 731 75 69 Row

935 806 209 53 COMMISSIONS;

84 814 136 44 ACHAT
175 814 91 44 DE
220 814 227 44 COLLECTIONS
401 814 257 44 D’AUTOGRAPHES
613 814 91 44 AU
658 814 196 44 COMPTANT;
794 814 166 44 ÉCHANGES;

127 848 150 50 VENTES
232 848 195 50 PUBLIQUES
382 848 90 50 ET
426 848 75 50 A
456 848 210 50 L’AMIABLE;
621 848 195 50 RÉDACTION
771 848 90 50 DE
816 848 225 50 CATALOGUES;
980 848 120 50 COPIES

186 886 211 56 CERTIFIÉES
352 886 91 56 DE
397 886 181 56 CHARTES,
533 886 196 56 DOCUMENTS
684 886 91 56 ET
729 886 241 56 AUTOGRAPHES;
910 886 136 56 VÉRIFI-

256 923 148 46 CATION
360 923 89 46 DE
404 923 148 46 PIÈCES
508 923 89 46 ET
552 923 222 46 CERTIFICATS
715 923 252 46 D’AUTHENTICITÉ;

321 957 225 62 PUBLICATION
501 957 90 62 DE
546 957 195 62 L’AMATEUR
682 957 225 62 D’AUTOGRAPHES

431 987 87 65 ET
475 987 87 65 DU
519 987 204 65 SUPPLÉMENT
679 987 73 65 A
694 987 116 65 L’ISo-

475 1024 169 57 GRAPHIE
598 1024 108 57 DES
644 1024 123 57 HOMMES

536 1068 155 58 CÉLÈBRES

6 1038 304 88 Numéro
188 1038 152 88 194

809 1035 362 93 Janv.-Avril
1074 1035 145 93 1877

175 1127 280 84 BULLETIN
385 1127 397 84 D’AUTOGRAPHES
712 1127 117 84 A
758 1127 187 84 PRIX
852 1127 210 84 MARQUÉS

329 1209 267 50 PARAISSANT
539 1209 153 50 TOUS
635 1209 134 50 LES
711 1209 153 50 DEUX
787 1209 115 50 MOIS

107 1295 207 62 PIÈCES
252 1295 269 62 PROVENANT
459 1295 124 62 DE
521 1295 124 62 LA
583 1295 290 62 COLLECTION
811 1295 124 62 DE
873 1295 124 62 M.
935 1295 124 62 B.
976 1295 166 62 FILLON

26 1363 149 54 (Toutes
135 1363 95 54 ces
189 1363 149 54 pièces,
297 1363 108 54 fort
365 1363 230 54 remarquables,
555 1363 108 54 sont
622 1363 176 54 enfermées
758 1363 108 54 dans
825 1363 81 54 de
866 1363 135 54 belles
961 1363 162 54 chemises
1069 1363 149 54 imprimées

323 1402 83 64 et
365 1402 167 64 revêtues
490 1402 83 64 de
531 1402 83 64 la
573 1402 139 64 marque
670 1402 83 64 de
712 1402 83 64 M.
753 1402 83 64 B.
781 1402 139 64 Fillon.)

160 1455 171 70 28039.
280 1455 188 70 ALENÇON
416 1455 171 70 (René,
536 1455 120 70 duc
604 1455 137 70 d’),
690 1455 171 70 prince
810 1455 188 70 célèbre
946 1455 120 70 par
1015 1455 120 70 ses
1066 1455 154 70 démêlés

152 1515 155 55 avec
248 1515 213 55 Charles
403 1515 136 55 VII
481 1515 116 55 et
539 1515 174 55 Louis
655 1515 136 55 XI.
733 1515 97 55 —
771 1515 116 55 L.
830 1515 116 55 a.
888 1515 116 55 s.
946 1515 116 55 (à
1004 1515 174 55 Louis
1101 1515 116 55 XI);

159 1554 182 62 château
292 1554 99 62 de
341 1554 182 62 Chinon,
474 1554 182 62 (1481),
606 1554 83 62 4
639 1554 99 62 p.
689 1554 182 62 in-fol.
821 1554 347 62 Très-rare
1119 1554 116 62 175
1168 1554 50 62 »

190 1592 126 52 Récit
274 1592 84 52 de
316 1592 98 52 son
372 1592 210 52 arrestation
541 1592 70 52 à
569 1592 84 52 la
611 1592 238 52 Roche-Talbot;
807 1592 126 52 longs
891 1592 154 52 détails
1004 1592 98 52 sur
1060 1592 98 52 les
1102 1592 112 52 motifs

156 1625 82 45 de
197 1625 122 45 cette
279 1625 218 45 arrestation,
456 1625 122 45 qu’il
537 1625 95 45 dit
592 1625 109 45 être
660 1625 163 45 erronés,
782 1625 82 45 et
823 1625 122 45 essai
905 1625 82 45 de
946 1625 231 45 justification
1136 1625 82 45 de
1164 1625 54 45 sa

165 1665 160 37 conduite
285 1665 133 37 envers
378 1665 80 37 le
418 1665 107 37 roi.
485 1665 120 37 Pièce
565 1665 107 37 d’un
632 1665 107 37 haut
699 1665 160 37 intérêt.
819 1665 93 37 (On
872 1665 107 37 sait
939 1665 93 37 que
992 1665 120 37 Louis
1072 1665 93 37 XI,
1112 1665 107 37 averti

156 1699 97 36 des
211 1699 138 36 menées
308 1699 207 36 ténébreuses
474 1699 83 36 de
515 1699 110 36 René
584 1699 193 36 d’Alençon,
736 1699 152 36 l’avait
846 1699 110 36 fait
915 1699 152 36 arrêter
1026 1699 83 36 et
1067 1699 166 36 conduire
1178 1699 41 36 à

164 1727 142 37 Chinon
263 1727 100 37 par
320 1727 85 37 le
363 1727 85 37 sr
406 1727 85 37 du
449 1727 128 37 Lude,
534 1727 85 37 au
577 1727 142 37 moment
677 1727 85 37 ou
719 1727 85 37 il
762 1727 199 37 s’enfuyait
919 1727 85 37 en
962 1727 185 37 Bretagne.
1090 1727 128 37 Enfermé

165 1757 109 41 dans
234 1757 95 41 une
288 1757 109 41 cage
356 1757 82 41 de
397 1757 109 41 fer,
465 1757 82 41 où
506 1757 82 41 il
547 1757 123 41 resta
629 1757 109 41 près
697 1757 82 41 de
738 1757 123 41 trois
820 1757 123 41 mois,
901 1757 82 41 et
942 1757 82 41 où
983 1757 82 41 il
1024 1757 82 41 ne
1065 1757 150 41 pouvait
1160 1757 55 41 se

156 1786 130 39 tenir
242 1786 87 39 ni
286 1786 159 39 debout,
401 1786 87 39 ni
444 1786 159 39 couché,
560 1786 87 39 il
603 1786 116 39 n’en
675 1786 144 39 sortit
776 1786 101 39 que
834 1786 116 39 pour
906 1786 217 39 comparaître
1080 1786 144 39 devant
1166 1786 58 39 le

157 1820 201 50 Parlement,
314 1820 100 50 qui
372 1820 86 50 le
415 1820 172 50 condamna
544 1820 72 50 à
572 1820 115 50 s’en
644 1820 172 50 remettre
773 1820 72 50 à
801 1820 86 50 la
844 1820 172 50 clémence
973 1820 86 50 du
1002 1820 172 50 monarque.)

164 1852 167 57 28040.
281 1852 134 57 ANNE
365 1852 100 57 DE
415 1852 184 57 FRANCE,
549 1852 134 57 dame
632 1852 100 57 de
682 1852 201 57 Beaujeu,
833 1852 150 57 fille
933 1852 100 57 de
983 1852 150 57 Louis
1083 1852 117 57 XI,
1133 1852 84 57 ré-

154 1902 166 60 gente
264 1902 110 60 de
319 1902 184 60 France
448 1902 202 60 pendant
595 1902 110 60 la
651 1902 221 60 minorité
816 1902 110 60 de
871 1902 202 60 Charles
1019 1902 166 60 VIII.
1111 1902 55 60 —
