1288 2072
584 37 86 59 —
618 37 86 59 9
635 37 52 59 —

151 99 181 54 rejoindre.
294 99 78 54 Il
332 99 104 54 fera
397 99 104 54 tous
462 99 91 54 ses
514 99 142 54 efforts
617 99 104 54 pour
682 99 117 54 faire
760 99 78 54 la
799 99 117 54 paix,
876 99 117 54 mais,
954 99 78 54 si
993 99 78 54 on
1032 99 78 54 ne
1071 99 130 54 change
1148 99 65 54 pas

150 132 94 49 les
203 132 160 49 articles
323 132 120 49 qu’il
404 132 67 49 a
430 132 107 49 vus,
497 132 80 49 on
537 132 80 49 ne
578 132 107 49 peut
644 132 147 49 espérer
751 132 94 49 que
805 132 107 49 plus
872 132 134 49 grands
952 132 147 49 troubles.

145 180 163 53 28109.
259 180 163 53 COLNET
373 180 342 53 (Ch.-J.-Aug.-Max.
666 180 130 53 de),
747 180 244 53 littérateur
943 180 98 53 et
975 180 228 53 journaliste,

142 221 166 53 auteur
259 221 100 53 de
308 221 265 53 l'Hermite
524 221 100 53 du
574 221 199 53 faubourg
723 221 365 53 Saint-Germain
1038 221 100 53 né
1088 221 100 53 en
1121 221 83 53 Pi-

328 253 135 58 cardie.
426 253 61 58 —
451 253 74 58 L.
488 253 74 58 a.
524 253 74 58 s.
561 253 61 58 à
586 253 148 58 Alphonse
697 253 111 58 Droz,
770 253 61 58 1
795 253 74 58 p.
832 253 111 58 in-4.
906 253 61 58 2
918 253 49 58 50

146 281 131 82 28110.
238 281 118 82 CONDÉ
317 281 131 82 (Louis
409 281 79 82 II
448 281 79 82 de
487 281 158 82 BOURBON,
606 281 131 82 prince
698 281 105 82 de),
763 281 92 82 dit
816 281 118 82 le
895 281 184 82 Grand
1039 281 66 82 —
1052 281 53 82 P.

150 345 107 63 s.;
211 345 137 63 1659,
302 345 107 63 1/2
364 345 92 63 p.
409 345 137 63 in-4,
501 345 122 63 joli
577 345 153 63 cachet
684 345 183 63 armorié.
822 345 76 63 6
837 345 46 63 »

148 385 150 67 28111.
253 385 194 67 CONDORCET
402 385 105 67 (le
462 385 165 67 marquis
582 385 120 67 de),
657 385 179 67 illustre
791 385 209 67 philosophe
956 385 90 67 et
1000 385 165 67 savant.
1105 385 45 67 —

151 439 84 58 L.
193 439 84 58 a.
235 439 98 58 s.,
291 439 98 58 3/4
347 439 84 58 de
389 439 84 58 p.
431 439 126 58 in-8.
515 439 126 58 Jolie
599 439 154 58 lettre.
711 439 70 58 6
725 439 56 58 50

155 480 152 59 28112.
261 480 183 59 DAUBIGNY
398 480 137 59 (C.),
490 480 91 59 le
535 480 167 59 peintre
657 480 91 59 de
703 480 198 59 paysages.
855 480 76 59 —
886 480 91 59 L.
931 480 91 59 a.
977 480 107 59 s.,
1038 480 76 59 1
1053 480 61 59 p.

160 535 82 50 in-8.
215 535 46 50 3
224 535 36 50 50

152 561 142 66 28113.
251 561 114 66 DAVY
323 561 128 66 (H.),
408 561 85 66 le
451 561 128 66 grand
536 561 171 66 chimiste
664 561 171 66 anglais.
793 561 71 66 —
821 561 85 66 L.
864 561 85 66 a.
907 561 85 66 s.
949 561 71 66 à
978 561 100 66 MM.
1021 561 85 66 Duc-

153 610 127 57 kett
233 610 95 57 et
280 610 111 57 Ce;
344 610 238 57 Portsmouth,
535 610 95 57 14
582 610 159 57 avril,
694 610 79 57 2
725 610 95 57 p.
773 610 143 57 in-4,
868 610 159 57 cachet
964 610 127 57 brisé.

159 661 116 59 Belle
237 661 78 59 et
275 661 103 59 rare
340 661 129 59 pièce.
430 661 78 59 20
456 661 39 59 »

158 683 146 74 28114.
260 683 160 74 DECAZES
377 683 146 74 (Elie,
479 683 131 74 duc),
567 683 160 74 célèbre
683 683 131 74 homme
771 683 160 74 d’Etat.
887 683 73 74 —
917 683 87 74 L.
960 683 87 74 a.
1004 683 87 74 s.
1033 683 44 74 à

154 743 162 59 Lainé;
267 743 194 59 Lagrave,
413 743 97 59 12
461 743 130 59 juin
542 743 146 59 1832,
639 743 81 59 2
672 743 97 59 p.
720 743 113 59 1/4
785 743 146 59 in-4.
882 743 81 59 6
898 743 49 59 »

190 789 173 51 Curieuse.
323 789 80 51 Il
363 789 67 51 a
390 789 107 51 reçu
457 789 80 51 de
497 789 93 51 lui
550 789 93 51 une
603 789 147 51 lettre,
710 789 80 51 au
750 789 133 51 milieu
843 789 93 51 des
897 789 147 51 atroces
1004 789 160 51 anxiétés
1124 789 80 51 où
1150 789 67 51 les

159 818 100 51 ont
216 818 129 51 jetés
302 818 100 51 les
359 818 143 51 scènes
460 818 201 51 sanglantes
617 818 86 51 de
660 818 143 51 Paris.
760 818 86 51 Il
803 818 100 51 n’a
861 818 100 51 pas
918 818 129 51 douté
1004 818 86 51 du
1047 818 172 51 triomphe
1162 818 57 51 de

160 846 161 58 l’ordre,
280 846 107 58 mais
347 846 80 58 il
387 846 174 58 redoutait
521 846 147 58 quelque
629 846 107 58 coup
696 846 80 58 de
736 846 174 58 désespoir
870 846 107 58 dans
937 846 147 58 quelque
1044 846 107 58 trou
1097 846 121 58 jacobin

160 884 81 53 ou
200 884 175 53 carliste.
334 884 81 53 Si
374 884 121 53 Paris
455 884 121 53 avait
535 884 134 53 laissé
629 884 175 53 triompher
764 884 81 53 la
804 884 175 53 sédition,
938 884 81 53 on
978 884 134 53 aurait
1072 884 94 53 été
1113 884 107 53 soumis

164 926 81 49 au
204 926 108 49 joug
258 926 189 49 républicain.

170 933 109 81 28115.
246 933 141 81 DELACROIX
355 933 141 81 (Eugène),
464 933 65 81 le
496 933 98 81 grand
562 933 130 81 peintre.
659 933 54 81 —
681 933 65 81 L.
714 933 65 81 a.
746 933 76 81 s.;
790 933 54 81 2
801 933 65 81 mars

163 1004 127 56 1852,
248 1004 71 56 1
276 1004 85 56 p.
318 1004 127 56 in-8.
403 1004 71 56 5
417 1004 42 56 »

190 1010 128 91 Envoi
275 1010 114 91 d’un
346 1010 142 91 dessin
446 1010 114 91 dont
517 1010 85 91 il
560 1010 157 91 demande
674 1010 85 91 60
702 1010 128 91 francs.

166 1063 143 98 28116.
266 1063 114 98 DIAZ
337 1063 129 98 (N.),
423 1063 86 98 le
466 1063 129 98 grand
551 1063 171 98 peintre.
680 1063 71 98 —
709 1063 86 98 L.
751 1063 86 98 a.
794 1063 100 98 s.,
851 1063 71 98 1
880 1063 86 98 p.
923 1063 143 98 in-12.
1023 1063 71 98 3
1037 1063 43 98 »

165 1129 156 67 28117.
275 1129 219 67 DICA-PETIT
447 1129 141 67 (J.),
541 1129 172 67 célèbre
666 1129 235 67 comédienne,
854 1129 78 67 —
885 1129 94 67 L.
932 1129 94 67 a.
979 1129 94 67 s.
1026 1129 94 67 (à
1057 1129 172 67 Alexandre

159 1188 167 59 Dumas),
280 1188 76 59 2
311 1188 91 59 p.
356 1188 152 59 in-12.
462 1188 76 59 3
477 1188 46 59 »

199 1199 101 78 Elle
262 1199 151 78 s’excuse
376 1199 76 78 ne
413 1199 76 78 ne
451 1199 138 78 pouvoir
552 1199 138 78 répêter
653 1199 126 78 devant
741 1199 88 78 lui
791 1199 138 78 Mlle
892 1199 76 78 de
917 1199 214 78 Belle

158 1264 135 63 28118.
253 1264 122 63 DORIA
335 1264 244 63 (Gian-Andrea),
538 1264 190 63 l’illustre
687 1264 135 63 amiral
782 1264 149 63 génois.
890 1264 68 63 —
917 1264 81 63 L.
958 1264 81 63 s.
985 1264 54 63 au

157 1310 133 58 Mis
233 1310 265 58 d’Aguilar,
441 1310 284 58 ambassadeur
669 1310 246 58 d’Espagne
858 1310 95 58 à
896 1310 171 58 Rome;
991 1310 227 58 Gallipoli,

153 1347 89 69 5
189 1347 161 69 sept.
296 1347 161 69 1536,
403 1347 89 69 1
439 1347 107 69 p.
493 1347 214 69 in-fol.,
653 1347 161 69 trace
761 1347 107 69 de
814 1347 197 69 cachet.
957 1347 197 69 Superbe
1082 1347 143 69 pièce.

1087 1389 174 49 40
1145 1389 87 49 »

196 1430 286 58 Très-intéressante
441 1430 136 58 lettre
536 1430 82 58 où
577 1430 82 58 il
618 1430 109 58 rend
686 1430 136 58 compte
781 1430 82 58 de
822 1430 95 58 son
876 1430 150 58 arrivée
985 1430 68 58 à
1012 1430 177 58 Gallipoli
1148 1430 82 58 où
1176 1430 54 58 il

163 1465 73 57 a
193 1465 146 57 trouvé
295 1465 176 57 l’envoyé
427 1465 88 57 du
471 1465 190 57 capitaine
617 1465 161 57 général
734 1465 102 57 des
793 1465 205 57 Vénitiens,
954 1465 102 57 des
998 1465 234 57 renseignements

170 1504 119 53 qu’il
249 1504 66 53 a
276 1504 146 53 obtenus
382 1504 93 53 sur
435 1504 80 53 la
475 1504 133 53 flotte
567 1504 146 53 turque,
673 1504 80 53 et
713 1504 80 53 de
753 1504 93 53 ses
806 1504 146 53 projets
912 1504 106 53 pour
978 1504 80 53 la
1018 1504 212 53 continuation
1177 1504 53 53 de

168 1543 105 46 son
213 1543 135 46 voyage.

171 1556 155 93 28119.
279 1556 217 93 DORUS-GRAS
449 1556 201 93 (Emilie),
604 1556 170 93 célèbre
728 1556 232 93 cantatrice,
914 1556 108 93 née
976 1556 77 93 à
992 1556 232 93 Valenciennes.

211 1616 84 63 —
245 1616 100 63 L.
295 1616 100 63 a.
345 1616 100 63 s.
395 1616 84 63 à
428 1616 167 63 Arthur
545 1616 184 63 Dinaux;
679 1616 100 63 26
729 1616 134 63 fév.
813 1616 150 63 1839,
913 1616 84 63 2
946 1616 100 63 p.
996 1616 117 63 1/4
1063 1616 150 63 in-8,
1147 1616 84 63 en

145 1671 186 57 veloppe.

205 1700 155 81 Curieuse
322 1700 129 81 lettre
412 1700 91 81 sur
464 1700 78 81 la
503 1700 181 81 difficulté
645 1700 78 81 de
684 1700 142 81 trouver
788 1700 78 81 le
827 1700 168 81 placement
956 1700 104 81 d’un
1021 1700 129 81 livret
1099 1700 129 81 d’opéra.

168 1740 143 76 28120.
268 1740 143 76 DUNOIS
367 1740 128 76 (Jean
453 1740 200 76 d’ORLÉANS,
610 1740 128 76 comte
695 1740 114 76 de),
767 1740 100 76 dit
824 1740 128 76 le
909 1740 143 76 bâtard
995 1740 228 76 d’Orléans

170 1794 151 62 illustre
283 1794 163 62 guerrier,
409 1794 163 62 compagnon
535 1794 75 62 de
572 1794 126 62 Jeanne
660 1794 126 62 d’Arc.
748 1794 63 62 —
773 1794 75 62 P.
811 1794 100 62 sig.
861 1794 138 62 le

165 1829 208 71 bastard
329 1829 253 71 d’Orliens
537 1829 104 71 sur
596 1829 149 71 vélin;
701 1829 89 71 28
745 1829 119 71 juin
819 1829 134 71 1453,
909 1829 74 71 1
938 1829 89 71 p.
983 1829 164 71 in-fol.
1087 1829 134 71 oblong.

1113 1870 72 53 50
1137 1870 36 53 »

204 1919 108 54 Reçu
272 1919 81 54 de
313 1919 95 54 300
367 1919 135 54 livres
461 1919 162 54 tournois
583 1919 108 54 pour
650 1919 95 54 son
705 1919 108 54 état
772 1919 81 54 de
813 1919 176 54 capitaine
948 1919 81 54 de
988 1919 108 54 cent
1042 1919 122 54 lances.

30 1965 185 77 28121.
159 1965 240 77 DUPANLOUP
343 1965 148 77 (F),
436 1965 185 77 évêque
565 1965 258 77 d’Orléans,
768 1965 111 77 de
823 1965 203 77 l’Acad.
971 1965 129 77 fr.
1044 1965 92 77 —
1063 1965 166 77 Ex
