<?xml version='1.0' encoding='UTF8'?>
<alto xmlns:xsi="http://www.w3.org/2001/XMLSchema-instance" xmlns="http://www.loc.gov/standards/alto/ns-v2#" xmlns:page="http://schema.primaresearch.org/PAGE/gts/pagecontent/2013-07-15" xsi:schemaLocation="http://www.loc.gov/standards/alto/ns-v2# http://www.loc.gov/standards/alto/alto.xsd">
  <Description>
    <MeasurementUnit>pixel</MeasurementUnit>
    <sourceImageInformation>
         <fileName>154.jpg</fileName>
      </sourceImageInformation>
    <OCRProcessing ID="IdOcr">
      <ocrProcessingStep>
        <processingDateTime>2020-10-13T13:55:47.413+02:00</processingDateTime>
        <processingSoftware>
               <softwareCreator>CONTRIBUTORS</softwareCreator>
               <softwareName>pdfalto</softwareName>
               <softwareVersion>0.1</softwareVersion>
            </processingSoftware>
      </ocrProcessingStep>
    </OCRProcessing>
  </Description>
  <Styles>
     <TextStyle ID="FONT0" FONTSTYLE=""/>
     <TextStyle ID="FONT1" FONTSTYLE="bold"/>
     <TextStyle ID="FONT2" FONTSTYLE="italics"/>
</Styles>
  <Tags/>
  <Layout>
    <Page ID="Page1" PHYSICAL_IMG_NR="1" HEIGHT="2940" WIDTH="1559">
      <PrintSpace HEIGHT="2735" WIDTH="1439" VPOS="112" HPOS="78">
        <TextBlock ID="r_1_1" HEIGHT="41" WIDTH="240" VPOS="119" HPOS="702">
          <TextLine ID="tl_1" BASELINE="190" HEIGHT="100" WIDTH="256" VPOS="90" HPOS="694">
            <String HEIGHT="100" WIDTH="183" VPOS="90" HPOS="657" CONTENT="—" ID="tl_1_1" STYLEREFS="FONT0"/>
            <SP HEIGHT="100" WIDTH="37" VPOS="90" HPOS="840"/>
            <String HEIGHT="100" WIDTH="256" VPOS="90" HPOS="731" CONTENT="126" ID="tl_1_2" STYLEREFS="FONT0"/>
            <SP HEIGHT="100" WIDTH="37" VPOS="90" HPOS="987"/>
            <String HEIGHT="100" WIDTH="110" VPOS="90" HPOS="840" CONTENT="—" ID="tl_1_3" STYLEREFS="FONT0"/>
          </TextLine>
        </TextBlock>
        <TextBlock ID="r_2_1" HEIGHT="49" WIDTH="1391" VPOS="204" HPOS="117">
          <TextLine ID="tl_2" BASELINE="271" HEIGHT="96" WIDTH="1405" VPOS="175" HPOS="110">
            <String HEIGHT="96" WIDTH="162" VPOS="175" HPOS="92" CONTENT="1688." ID="tl_2_1" STYLEREFS="FONT0"/>
            <SP HEIGHT="96" WIDTH="18" VPOS="175" HPOS="254"/>
            <String HEIGHT="96" WIDTH="378" VPOS="175" HPOS="200" CONTENT="Pressavin," ID="tl_2_2" STYLEREFS="FONT1"/>
            <SP HEIGHT="96" WIDTH="18" VPOS="175" HPOS="578"/>
            <String HEIGHT="96" WIDTH="180" VPOS="175" HPOS="524" CONTENT="député" ID="tl_2_3" STYLEREFS="FONT0"/>
            <SP HEIGHT="96" WIDTH="18" VPOS="175" HPOS="704"/>
            <String HEIGHT="96" WIDTH="108" VPOS="175" HPOS="650" CONTENT="de" ID="tl_2_4" STYLEREFS="FONT0"/>
            <SP HEIGHT="96" WIDTH="18" VPOS="175" HPOS="758"/>
            <String HEIGHT="96" WIDTH="450" VPOS="175" HPOS="704" CONTENT="Saône-et-Loire" ID="tl_2_5" STYLEREFS="FONT2"/>
            <SP HEIGHT="96" WIDTH="18" VPOS="175" HPOS="1155"/>
            <String HEIGHT="96" WIDTH="90" VPOS="175" HPOS="1101" CONTENT="à" ID="tl_2_6" STYLEREFS="FONT0"/>
            <SP HEIGHT="96" WIDTH="18" VPOS="175" HPOS="1191"/>
            <String HEIGHT="96" WIDTH="108" VPOS="175" HPOS="1137" CONTENT="la" ID="tl_2_7" STYLEREFS="FONT0"/>
            <SP HEIGHT="96" WIDTH="18" VPOS="175" HPOS="1245"/>
            <String HEIGHT="96" WIDTH="270" VPOS="175" HPOS="1191" CONTENT="Convention." ID="tl_2_8" STYLEREFS="FONT0"/>
            <SP HEIGHT="96" WIDTH="18" VPOS="175" HPOS="1461"/>
            <String HEIGHT="96" WIDTH="108" VPOS="175" HPOS="1407" CONTENT="L." ID="tl_2_9" STYLEREFS="FONT0"/>
            <SP HEIGHT="96" WIDTH="18" VPOS="175" HPOS="1515"/>
            <String HEIGHT="96" WIDTH="72" VPOS="175" HPOS="1443" CONTENT="a." ID="tl_2_10" STYLEREFS="FONT0"/>
          </TextLine>
        </TextBlock>
        <TextBlock ID="r_2_2" HEIGHT="52" WIDTH="1343" VPOS="253" HPOS="165">
          <TextLine ID="tl_3" BASELINE="314" HEIGHT="67" WIDTH="1359" VPOS="247" HPOS="157">
            <String HEIGHT="67" WIDTH="227" VPOS="247" HPOS="129" CONTENT="sig." ID="tl_3_1" STYLEREFS="FONT0"/>
            <SP HEIGHT="67" WIDTH="28" VPOS="247" HPOS="355"/>
            <String HEIGHT="67" WIDTH="283" VPOS="247" HPOS="270" CONTENT="Paris," ID="tl_3_2" STYLEREFS="FONT0"/>
            <SP HEIGHT="67" WIDTH="28" VPOS="247" HPOS="553"/>
            <String HEIGHT="67" WIDTH="170" VPOS="247" HPOS="468" CONTENT="28" ID="tl_3_3" STYLEREFS="FONT0"/>
            <SP HEIGHT="67" WIDTH="28" VPOS="247" HPOS="638"/>
            <String HEIGHT="67" WIDTH="283" VPOS="247" HPOS="553" CONTENT="nivôse" ID="tl_3_4" STYLEREFS="FONT0"/>
            <SP HEIGHT="67" WIDTH="28" VPOS="247" HPOS="837"/>
            <String HEIGHT="67" WIDTH="170" VPOS="247" HPOS="752" CONTENT="an" ID="tl_3_5" STYLEREFS="FONT0"/>
            <SP HEIGHT="67" WIDTH="28" VPOS="247" HPOS="921"/>
            <String HEIGHT="67" WIDTH="227" VPOS="247" HPOS="837" CONTENT="III." ID="tl_3_6" STYLEREFS="FONT0"/>
            <SP HEIGHT="67" WIDTH="28" VPOS="247" HPOS="1063"/>
            <String HEIGHT="67" WIDTH="142" VPOS="247" HPOS="978" CONTENT="1" ID="tl_3_7" STYLEREFS="FONT0"/>
            <SP HEIGHT="67" WIDTH="28" VPOS="247" HPOS="1120"/>
            <String HEIGHT="67" WIDTH="170" VPOS="247" HPOS="1035" CONTENT="p." ID="tl_3_8" STYLEREFS="FONT0"/>
            <SP HEIGHT="67" WIDTH="28" VPOS="247" HPOS="1205"/>
            <String HEIGHT="67" WIDTH="198" VPOS="247" HPOS="1120" CONTENT="pl." ID="tl_3_9" STYLEREFS="FONT0"/>
            <SP HEIGHT="67" WIDTH="28" VPOS="247" HPOS="1318"/>
            <String HEIGHT="67" WIDTH="255" VPOS="247" HPOS="1233" CONTENT="in-4." ID="tl_3_10" STYLEREFS="FONT0"/>
            <SP HEIGHT="67" WIDTH="28" VPOS="247" HPOS="1488"/>
            <String HEIGHT="67" WIDTH="142" VPOS="247" HPOS="1403" CONTENT="3" ID="tl_3_11" STYLEREFS="FONT0"/>
            <SP HEIGHT="67" WIDTH="28" VPOS="247" HPOS="1544"/>
            <String HEIGHT="67" WIDTH="85" VPOS="247" HPOS="1431" CONTENT="»" ID="tl_3_12" STYLEREFS="FONT0"/>
          </TextLine>
        </TextBlock>
        <TextBlock ID="r_2_3" HEIGHT="49" WIDTH="1393" VPOS="300" HPOS="114">
          <TextLine ID="tl_4" BASELINE="369" HEIGHT="81" WIDTH="1409" VPOS="288" HPOS="106">
            <String HEIGHT="81" WIDTH="161" VPOS="288" HPOS="88" CONTENT="1689." ID="tl_4_1" STYLEREFS="FONT0"/>
            <SP HEIGHT="81" WIDTH="18" VPOS="288" HPOS="249"/>
            <String HEIGHT="81" WIDTH="303" VPOS="288" HPOS="195" CONTENT="Prieur" ID="tl_4_2" STYLEREFS="FONT1"/>
            <SP HEIGHT="81" WIDTH="18" VPOS="288" HPOS="498"/>
            <String HEIGHT="81" WIDTH="214" VPOS="288" HPOS="445" CONTENT="(C.-A.)," ID="tl_4_3" STYLEREFS="FONT0"/>
            <SP HEIGHT="81" WIDTH="18" VPOS="288" HPOS="659"/>
            <String HEIGHT="81" WIDTH="178" VPOS="288" HPOS="605" CONTENT="député" ID="tl_4_4" STYLEREFS="FONT0"/>
            <SP HEIGHT="81" WIDTH="18" VPOS="288" HPOS="784"/>
            <String HEIGHT="81" WIDTH="107" VPOS="288" HPOS="730" CONTENT="de" ID="tl_4_5" STYLEREFS="FONT0"/>
            <SP HEIGHT="81" WIDTH="18" VPOS="288" HPOS="837"/>
            <String HEIGHT="81" WIDTH="107" VPOS="288" HPOS="784" CONTENT="la" ID="tl_4_6" STYLEREFS="FONT0"/>
            <SP HEIGHT="81" WIDTH="18" VPOS="288" HPOS="891"/>
            <String HEIGHT="81" WIDTH="285" VPOS="288" HPOS="837" CONTENT="Marne" ID="tl_4_7" STYLEREFS="FONT2"/>
            <SP HEIGHT="81" WIDTH="18" VPOS="288" HPOS="1123"/>
            <String HEIGHT="81" WIDTH="89" VPOS="288" HPOS="1069" CONTENT="à" ID="tl_4_8" STYLEREFS="FONT0"/>
            <SP HEIGHT="81" WIDTH="18" VPOS="288" HPOS="1158"/>
            <String HEIGHT="81" WIDTH="107" VPOS="288" HPOS="1105" CONTENT="la" ID="tl_4_9" STYLEREFS="FONT0"/>
            <SP HEIGHT="81" WIDTH="18" VPOS="288" HPOS="1212"/>
            <String HEIGHT="81" WIDTH="268" VPOS="288" HPOS="1158" CONTENT="Convention." ID="tl_4_10" STYLEREFS="FONT0"/>
            <SP HEIGHT="81" WIDTH="18" VPOS="288" HPOS="1426"/>
            <String HEIGHT="81" WIDTH="107" VPOS="288" HPOS="1372" CONTENT="L." ID="tl_4_11" STYLEREFS="FONT0"/>
            <SP HEIGHT="81" WIDTH="18" VPOS="288" HPOS="1479"/>
            <String HEIGHT="81" WIDTH="107" VPOS="288" HPOS="1408" CONTENT="aut." ID="tl_4_12" STYLEREFS="FONT0"/>
          </TextLine>
        </TextBlock>
        <TextBlock ID="r_2_4" HEIGHT="92" WIDTH="1348" VPOS="348" HPOS="162">
          <TextLine ID="tl_5" BASELINE="427" HEIGHT="92" WIDTH="1364" VPOS="335" HPOS="154">
            <String HEIGHT="92" WIDTH="163" VPOS="335" HPOS="134" CONTENT="sig." ID="tl_5_1" STYLEREFS="FONT0"/>
            <SP HEIGHT="92" WIDTH="20" VPOS="335" HPOS="297"/>
            <String HEIGHT="92" WIDTH="204" VPOS="335" HPOS="235" CONTENT="Paris," ID="tl_5_2" STYLEREFS="FONT0"/>
            <SP HEIGHT="92" WIDTH="20" VPOS="335" HPOS="439"/>
            <String HEIGHT="92" WIDTH="122" VPOS="335" HPOS="378" CONTENT="12" ID="tl_5_3" STYLEREFS="FONT0"/>
            <SP HEIGHT="92" WIDTH="20" VPOS="335" HPOS="500"/>
            <String HEIGHT="92" WIDTH="244" VPOS="335" HPOS="439" CONTENT="germinal" ID="tl_5_4" STYLEREFS="FONT0"/>
            <SP HEIGHT="92" WIDTH="20" VPOS="335" HPOS="683"/>
            <String HEIGHT="92" WIDTH="122" VPOS="335" HPOS="622" CONTENT="an" ID="tl_5_5" STYLEREFS="FONT0"/>
            <SP HEIGHT="92" WIDTH="20" VPOS="335" HPOS="744"/>
            <String HEIGHT="92" WIDTH="143" VPOS="335" HPOS="683" CONTENT="VI." ID="tl_5_6" STYLEREFS="FONT0"/>
            <SP HEIGHT="92" WIDTH="20" VPOS="335" HPOS="826"/>
            <String HEIGHT="92" WIDTH="102" VPOS="335" HPOS="765" CONTENT="1" ID="tl_5_7" STYLEREFS="FONT0"/>
            <SP HEIGHT="92" WIDTH="20" VPOS="335" HPOS="867"/>
            <String HEIGHT="92" WIDTH="143" VPOS="335" HPOS="805" CONTENT="gr." ID="tl_5_8" STYLEREFS="FONT0"/>
            <SP HEIGHT="92" WIDTH="20" VPOS="335" HPOS="948"/>
            <String HEIGHT="92" WIDTH="122" VPOS="335" HPOS="887" CONTENT="p." ID="tl_5_9" STYLEREFS="FONT0"/>
            <SP HEIGHT="92" WIDTH="20" VPOS="335" HPOS="1009"/>
            <String HEIGHT="92" WIDTH="143" VPOS="335" HPOS="948" CONTENT="pl." ID="tl_5_10" STYLEREFS="FONT0"/>
            <SP HEIGHT="92" WIDTH="20" VPOS="335" HPOS="1090"/>
            <String HEIGHT="92" WIDTH="122" VPOS="335" HPOS="1029" CONTENT="et" ID="tl_5_11" STYLEREFS="FONT0"/>
            <SP HEIGHT="92" WIDTH="20" VPOS="335" HPOS="1152"/>
            <String HEIGHT="92" WIDTH="183" VPOS="335" HPOS="1090" CONTENT="demie" ID="tl_5_12" STYLEREFS="FONT0"/>
            <SP HEIGHT="92" WIDTH="20" VPOS="335" HPOS="1274"/>
            <String HEIGHT="92" WIDTH="183" VPOS="335" HPOS="1213" CONTENT="in-4." ID="tl_5_13" STYLEREFS="FONT0"/>
            <SP HEIGHT="92" WIDTH="20" VPOS="335" HPOS="1396"/>
            <String HEIGHT="92" WIDTH="204" VPOS="335" HPOS="1314" CONTENT="Intéres" SUBS_TYPE="HypPart1" SUBS_CONTENT="Intéressante." ID="tl_5_14" STYLEREFS="FONT0"/>
            <HYP CONTENT="-"/>
          </TextLine>
          <TextLine ID="tl_6" BASELINE="457" HEIGHT="56" WIDTH="1361" VPOS="401" HPOS="154">
            <String HEIGHT="56" WIDTH="1361" VPOS="401" HPOS="18" CONTENT="sante." SUBS_TYPE="HypPart2" SUBS_CONTENT="Intéressante." ID="tl_6_1" STYLEREFS="FONT0"/>
            <SP HEIGHT="56" WIDTH="136" VPOS="401" HPOS="1379"/>
            <String HEIGHT="56" WIDTH="681" VPOS="401" HPOS="971" CONTENT="5" ID="tl_6_2" STYLEREFS="FONT0"/>
            <SP HEIGHT="56" WIDTH="136" VPOS="401" HPOS="1651"/>
            <String HEIGHT="56" WIDTH="408" VPOS="401" HPOS="1107" CONTENT="»" ID="tl_6_3" STYLEREFS="FONT0"/>
          </TextLine>
        </TextBlock>
        <TextBlock ID="r_2_5" HEIGHT="50" WIDTH="1394" VPOS="444" HPOS="114">
          <TextLine ID="tl_7" BASELINE="500" HEIGHT="68" WIDTH="1410" VPOS="432" HPOS="106">
            <String HEIGHT="68" WIDTH="187" VPOS="432" HPOS="85" CONTENT="1690." ID="tl_7_1" STYLEREFS="FONT0"/>
            <SP HEIGHT="68" WIDTH="21" VPOS="432" HPOS="272"/>
            <String HEIGHT="68" WIDTH="394" VPOS="432" HPOS="210" CONTENT="Prondhon" ID="tl_7_2" STYLEREFS="FONT1"/>
            <SP HEIGHT="68" WIDTH="21" VPOS="432" HPOS="604"/>
            <String HEIGHT="68" WIDTH="560" VPOS="432" HPOS="541" CONTENT="(Jean-Baptiste-Victor)," ID="tl_7_3" STYLEREFS="FONT0"/>
            <SP HEIGHT="68" WIDTH="21" VPOS="432" HPOS="1101"/>
            <String HEIGHT="68" WIDTH="187" VPOS="432" HPOS="1039" CONTENT="doyen" ID="tl_7_4" STYLEREFS="FONT0"/>
            <SP HEIGHT="68" WIDTH="21" VPOS="432" HPOS="1226"/>
            <String HEIGHT="68" WIDTH="124" VPOS="432" HPOS="1164" CONTENT="de" ID="tl_7_5" STYLEREFS="FONT0"/>
            <SP HEIGHT="68" WIDTH="21" VPOS="432" HPOS="1288"/>
            <String HEIGHT="68" WIDTH="124" VPOS="432" HPOS="1226" CONTENT="la" ID="tl_7_6" STYLEREFS="FONT0"/>
            <SP HEIGHT="68" WIDTH="21" VPOS="432" HPOS="1350"/>
            <String HEIGHT="68" WIDTH="228" VPOS="432" HPOS="1288" CONTENT="Faculté" ID="tl_7_7" STYLEREFS="FONT0"/>
            <SP HEIGHT="68" WIDTH="21" VPOS="432" HPOS="1516"/>
            <String HEIGHT="68" WIDTH="83" VPOS="432" HPOS="1433" CONTENT="de" ID="tl_7_8" STYLEREFS="FONT0"/>
          </TextLine>
        </TextBlock>
        <TextBlock ID="r_2_6" HEIGHT="91" WIDTH="1347" VPOS="492" HPOS="159">
          <TextLine ID="tl_8" BASELINE="540" HEIGHT="58" WIDTH="1360" VPOS="482" HPOS="151">
            <String HEIGHT="58" WIDTH="168" VPOS="482" HPOS="132" CONTENT="droit" ID="tl_8_1" STYLEREFS="FONT0"/>
            <SP HEIGHT="58" WIDTH="19" VPOS="482" HPOS="300"/>
            <String HEIGHT="58" WIDTH="112" VPOS="482" HPOS="244" CONTENT="de" ID="tl_8_2" STYLEREFS="FONT0"/>
            <SP HEIGHT="58" WIDTH="19" VPOS="482" HPOS="356"/>
            <String HEIGHT="58" WIDTH="186" VPOS="482" HPOS="300" CONTENT="Dijon." ID="tl_8_3" STYLEREFS="FONT0"/>
            <SP HEIGHT="58" WIDTH="19" VPOS="482" HPOS="486"/>
            <String HEIGHT="58" WIDTH="168" VPOS="482" HPOS="430" CONTENT="Notes" ID="tl_8_4" STYLEREFS="FONT0"/>
            <SP HEIGHT="58" WIDTH="19" VPOS="482" HPOS="598"/>
            <String HEIGHT="58" WIDTH="149" VPOS="482" HPOS="542" CONTENT="aut." ID="tl_8_5" STYLEREFS="FONT0"/>
            <SP HEIGHT="58" WIDTH="19" VPOS="482" HPOS="691"/>
            <String HEIGHT="58" WIDTH="149" VPOS="482" HPOS="635" CONTENT="sig." ID="tl_8_6" STYLEREFS="FONT0"/>
            <SP HEIGHT="58" WIDTH="19" VPOS="482" HPOS="784"/>
            <String HEIGHT="58" WIDTH="317" VPOS="482" HPOS="729" CONTENT="Proud" ID="tl_8_7" STYLEREFS="FONT2"/>
            <SP HEIGHT="58" WIDTH="19" VPOS="482" HPOS="1045"/>
            <String HEIGHT="58" WIDTH="130" VPOS="482" HPOS="989" CONTENT="Sur" ID="tl_8_8" STYLEREFS="FONT0"/>
            <SP HEIGHT="58" WIDTH="19" VPOS="482" HPOS="1120"/>
            <String HEIGHT="58" WIDTH="112" VPOS="482" HPOS="1064" CONTENT="la" ID="tl_8_9" STYLEREFS="FONT0"/>
            <SP HEIGHT="58" WIDTH="19" VPOS="482" HPOS="1176"/>
            <String HEIGHT="58" WIDTH="168" VPOS="482" HPOS="1120" CONTENT="pêche" ID="tl_8_10" STYLEREFS="FONT0"/>
            <SP HEIGHT="58" WIDTH="19" VPOS="482" HPOS="1287"/>
            <String HEIGHT="58" WIDTH="242" VPOS="482" HPOS="1232" CONTENT="fluviale." ID="tl_8_11" STYLEREFS="FONT0"/>
            <SP HEIGHT="58" WIDTH="19" VPOS="482" HPOS="1474"/>
            <String HEIGHT="58" WIDTH="93" VPOS="482" HPOS="1418" CONTENT="2" ID="tl_8_12" STYLEREFS="FONT0"/>
            <SP HEIGHT="58" WIDTH="19" VPOS="482" HPOS="1511"/>
            <String HEIGHT="58" WIDTH="75" VPOS="482" HPOS="1436" CONTENT="p." ID="tl_8_13" STYLEREFS="FONT0"/>
          </TextLine>
          <TextLine ID="tl_9" BASELINE="586" HEIGHT="54" WIDTH="1363" VPOS="532" HPOS="151">
            <String HEIGHT="54" WIDTH="1363" VPOS="532" HPOS="-0" CONTENT="in-4." ID="tl_9_1" STYLEREFS="FONT0"/>
            <SP HEIGHT="54" WIDTH="151" VPOS="532" HPOS="1363"/>
            <String HEIGHT="54" WIDTH="757" VPOS="532" HPOS="908" CONTENT="3" ID="tl_9_2" STYLEREFS="FONT0"/>
            <SP HEIGHT="54" WIDTH="151" VPOS="532" HPOS="1665"/>
            <String HEIGHT="54" WIDTH="454" VPOS="532" HPOS="1060" CONTENT="»" ID="tl_9_3" STYLEREFS="FONT0"/>
          </TextLine>
        </TextBlock>
        <TextBlock ID="r_2_7" HEIGHT="53" WIDTH="1399" VPOS="587" HPOS="109">
          <TextLine ID="tl_10" BASELINE="635" HEIGHT="63" WIDTH="1414" VPOS="572" HPOS="102">
            <String HEIGHT="63" WIDTH="182" VPOS="572" HPOS="82" CONTENT="1691." ID="tl_10_1" STYLEREFS="FONT0"/>
            <SP HEIGHT="63" WIDTH="20" VPOS="572" HPOS="264"/>
            <String HEIGHT="63" WIDTH="343" VPOS="572" HPOS="203" CONTENT="Quélen" ID="tl_10_2" STYLEREFS="FONT1"/>
            <SP HEIGHT="63" WIDTH="20" VPOS="572" HPOS="546"/>
            <String HEIGHT="63" WIDTH="263" VPOS="572" HPOS="486" CONTENT="(Hyacinte" ID="tl_10_3" STYLEREFS="FONT0"/>
            <SP HEIGHT="63" WIDTH="20" VPOS="572" HPOS="748"/>
            <String HEIGHT="63" WIDTH="162" VPOS="572" HPOS="688" CONTENT="de)," ID="tl_10_4" STYLEREFS="FONT0"/>
            <SP HEIGHT="63" WIDTH="20" VPOS="572" HPOS="849"/>
            <String HEIGHT="63" WIDTH="283" VPOS="572" HPOS="789" CONTENT="archevêque" ID="tl_10_5" STYLEREFS="FONT0"/>
            <SP HEIGHT="63" WIDTH="20" VPOS="572" HPOS="1072"/>
            <String HEIGHT="63" WIDTH="121" VPOS="572" HPOS="1011" CONTENT="de" ID="tl_10_6" STYLEREFS="FONT0"/>
            <SP HEIGHT="63" WIDTH="20" VPOS="572" HPOS="1132"/>
            <String HEIGHT="63" WIDTH="202" VPOS="572" HPOS="1072" CONTENT="Paris," ID="tl_10_7" STYLEREFS="FONT0"/>
            <SP HEIGHT="63" WIDTH="20" VPOS="572" HPOS="1274"/>
            <String HEIGHT="63" WIDTH="202" VPOS="572" HPOS="1213" CONTENT="membre" ID="tl_10_8" STYLEREFS="FONT0"/>
            <SP HEIGHT="63" WIDTH="20" VPOS="572" HPOS="1415"/>
            <String HEIGHT="63" WIDTH="121" VPOS="572" HPOS="1354" CONTENT="de" ID="tl_10_9" STYLEREFS="FONT0"/>
            <SP HEIGHT="63" WIDTH="20" VPOS="572" HPOS="1476"/>
            <String HEIGHT="63" WIDTH="121" VPOS="572" HPOS="1395" CONTENT="l’A" ID="tl_10_10" STYLEREFS="FONT0"/>
          </TextLine>
        </TextBlock>
        <TextBlock ID="r_2_8" HEIGHT="96" WIDTH="1354" VPOS="636" HPOS="154">
          <TextLine ID="tl_11" BASELINE="714" HEIGHT="84" WIDTH="1368" VPOS="630" HPOS="147">
            <String HEIGHT="84" WIDTH="225" VPOS="630" HPOS="127" CONTENT="cadémie" ID="tl_11_1" STYLEREFS="FONT0"/>
            <SP HEIGHT="84" WIDTH="20" VPOS="630" HPOS="351"/>
            <String HEIGHT="84" WIDTH="286" VPOS="630" HPOS="290" CONTENT="française." ID="tl_11_2" STYLEREFS="FONT0"/>
            <SP HEIGHT="84" WIDTH="20" VPOS="630" HPOS="576"/>
            <String HEIGHT="84" WIDTH="123" VPOS="630" HPOS="515" CONTENT="L." ID="tl_11_3" STYLEREFS="FONT0"/>
            <SP HEIGHT="84" WIDTH="20" VPOS="630" HPOS="637"/>
            <String HEIGHT="84" WIDTH="163" VPOS="630" HPOS="576" CONTENT="aut." ID="tl_11_4" STYLEREFS="FONT0"/>
            <SP HEIGHT="84" WIDTH="20" VPOS="630" HPOS="739"/>
            <String HEIGHT="84" WIDTH="184" VPOS="630" HPOS="678" CONTENT="sig.," ID="tl_11_5" STYLEREFS="FONT0"/>
            <SP HEIGHT="84" WIDTH="20" VPOS="630" HPOS="862"/>
            <String HEIGHT="84" WIDTH="102" VPOS="630" HPOS="800" CONTENT="à" ID="tl_11_6" STYLEREFS="FONT0"/>
            <SP HEIGHT="84" WIDTH="20" VPOS="630" HPOS="902"/>
            <String HEIGHT="84" WIDTH="123" VPOS="630" HPOS="841" CONTENT="M." ID="tl_11_7" STYLEREFS="FONT0"/>
            <SP HEIGHT="84" WIDTH="20" VPOS="630" HPOS="964"/>
            <String HEIGHT="84" WIDTH="204" VPOS="630" HPOS="902" CONTENT="Firmin" ID="tl_11_8" STYLEREFS="FONT0"/>
            <SP HEIGHT="84" WIDTH="20" VPOS="630" HPOS="1107"/>
            <String HEIGHT="84" WIDTH="204" VPOS="630" HPOS="1045" CONTENT="Didot." ID="tl_11_9" STYLEREFS="FONT0"/>
            <SP HEIGHT="84" WIDTH="20" VPOS="630" HPOS="1250"/>
            <String HEIGHT="84" WIDTH="102" VPOS="630" HPOS="1188" CONTENT="1" ID="tl_11_10" STYLEREFS="FONT0"/>
            <SP HEIGHT="84" WIDTH="20" VPOS="630" HPOS="1290"/>
            <String HEIGHT="84" WIDTH="123" VPOS="630" HPOS="1229" CONTENT="p." ID="tl_11_11" STYLEREFS="FONT0"/>
            <SP HEIGHT="84" WIDTH="20" VPOS="630" HPOS="1352"/>
            <String HEIGHT="84" WIDTH="184" VPOS="630" HPOS="1290" CONTENT="in-12" ID="tl_11_12" STYLEREFS="FONT0"/>
            <SP HEIGHT="84" WIDTH="20" VPOS="630" HPOS="1474"/>
            <String HEIGHT="84" WIDTH="123" VPOS="630" HPOS="1392" CONTENT="(re" SUBS_TYPE="HypPart1" SUBS_CONTENT="(remontée)." ID="tl_11_13" STYLEREFS="FONT0"/>
            <HYP CONTENT="-"/>
          </TextLine>
          <TextLine ID="tl_12" BASELINE="736" HEIGHT="59" WIDTH="1364" VPOS="677" HPOS="149">
            <String HEIGHT="59" WIDTH="1364" VPOS="677" HPOS="35" CONTENT="montée)." SUBS_TYPE="HypPart2" SUBS_CONTENT="(remontée)." ID="tl_12_1" STYLEREFS="FONT0"/>
            <SP HEIGHT="59" WIDTH="114" VPOS="677" HPOS="1399"/>
            <String HEIGHT="59" WIDTH="568" VPOS="677" HPOS="1058" CONTENT="3" ID="tl_12_2" STYLEREFS="FONT0"/>
            <SP HEIGHT="59" WIDTH="114" VPOS="677" HPOS="1627"/>
            <String HEIGHT="59" WIDTH="341" VPOS="677" HPOS="1172" CONTENT="»" ID="tl_12_3" STYLEREFS="FONT0"/>
          </TextLine>
        </TextBlock>
        <TextBlock ID="r_2_9" HEIGHT="194" WIDTH="1350" VPOS="731" HPOS="156">
          <TextLine ID="tl_13" BASELINE="793" HEIGHT="64" WIDTH="1316" VPOS="729" HPOS="198">
            <String HEIGHT="64" WIDTH="100" VPOS="729" HPOS="181" CONTENT="On" ID="tl_13_1" STYLEREFS="FONT0"/>
            <SP HEIGHT="64" WIDTH="17" VPOS="729" HPOS="281"/>
            <String HEIGHT="64" WIDTH="83" VPOS="729" HPOS="231" CONTENT="a" ID="tl_13_2" STYLEREFS="FONT0"/>
            <SP HEIGHT="64" WIDTH="17" VPOS="729" HPOS="315"/>
            <String HEIGHT="64" WIDTH="167" VPOS="729" HPOS="265" CONTENT="écrit," ID="tl_13_3" STYLEREFS="FONT0"/>
            <SP HEIGHT="64" WIDTH="17" VPOS="729" HPOS="431"/>
            <String HEIGHT="64" WIDTH="100" VPOS="729" HPOS="381" CONTENT="du" ID="tl_13_4" STYLEREFS="FONT0"/>
            <SP HEIGHT="64" WIDTH="17" VPOS="729" HPOS="481"/>
            <String HEIGHT="64" WIDTH="150" VPOS="729" HPOS="431" CONTENT="moins" ID="tl_13_5" STYLEREFS="FONT0"/>
            <SP HEIGHT="64" WIDTH="17" VPOS="729" HPOS="581"/>
            <String HEIGHT="64" WIDTH="100" VPOS="729" HPOS="531" CONTENT="il" ID="tl_13_6" STYLEREFS="FONT0"/>
            <SP HEIGHT="64" WIDTH="17" VPOS="729" HPOS="631"/>
            <String HEIGHT="64" WIDTH="100" VPOS="729" HPOS="581" CONTENT="le" ID="tl_13_7" STYLEREFS="FONT0"/>
            <SP HEIGHT="64" WIDTH="17" VPOS="729" HPOS="681"/>
            <String HEIGHT="64" WIDTH="167" VPOS="729" HPOS="631" CONTENT="croit," ID="tl_13_8" STYLEREFS="FONT0"/>
            <SP HEIGHT="64" WIDTH="17" VPOS="729" HPOS="798"/>
            <String HEIGHT="64" WIDTH="267" VPOS="729" HPOS="748" CONTENT="Xeuz" ID="tl_13_9" STYLEREFS="FONT2"/>
            <SP HEIGHT="64" WIDTH="17" VPOS="729" HPOS="1014"/>
            <String HEIGHT="64" WIDTH="100" VPOS="729" HPOS="964" CONTENT="au" ID="tl_13_10" STYLEREFS="FONT0"/>
            <SP HEIGHT="64" WIDTH="17" VPOS="729" HPOS="1064"/>
            <String HEIGHT="64" WIDTH="133" VPOS="729" HPOS="1014" CONTENT="lieu" ID="tl_13_11" STYLEREFS="FONT0"/>
            <SP HEIGHT="64" WIDTH="17" VPOS="729" HPOS="1148"/>
            <String HEIGHT="64" WIDTH="100" VPOS="729" HPOS="1098" CONTENT="de" ID="tl_13_12" STYLEREFS="FONT0"/>
            <SP HEIGHT="64" WIDTH="17" VPOS="729" HPOS="1197"/>
            <String HEIGHT="64" WIDTH="283" VPOS="729" HPOS="1148" CONTENT="Zeuxis" ID="tl_13_13" STYLEREFS="FONT2"/>
            <SP HEIGHT="64" WIDTH="17" VPOS="729" HPOS="1431"/>
            <String HEIGHT="64" WIDTH="133" VPOS="729" HPOS="1381" CONTENT="dans" ID="tl_13_14" STYLEREFS="FONT0"/>
            <SP HEIGHT="64" WIDTH="17" VPOS="729" HPOS="1514"/>
            <String HEIGHT="64" WIDTH="67" VPOS="729" HPOS="1447" CONTENT="le" ID="tl_13_15" STYLEREFS="FONT0"/>
          </TextLine>
          <TextLine ID="tl_14" BASELINE="837" HEIGHT="68" WIDTH="1361" VPOS="769" HPOS="150">
            <String HEIGHT="68" WIDTH="285" VPOS="769" HPOS="128" CONTENT="manuscrit" ID="tl_14_1" STYLEREFS="FONT0"/>
            <SP HEIGHT="68" WIDTH="22" VPOS="769" HPOS="413"/>
            <String HEIGHT="68" WIDTH="132" VPOS="769" HPOS="348" CONTENT="de" ID="tl_14_2" STYLEREFS="FONT0"/>
            <SP HEIGHT="68" WIDTH="22" VPOS="769" HPOS="479"/>
            <String HEIGHT="68" WIDTH="154" VPOS="769" HPOS="413" CONTENT="son" ID="tl_14_3" STYLEREFS="FONT0"/>
            <SP HEIGHT="68" WIDTH="22" VPOS="769" HPOS="567"/>
            <String HEIGHT="68" WIDTH="263" VPOS="769" HPOS="501" CONTENT="discours" ID="tl_14_4" STYLEREFS="FONT0"/>
            <SP HEIGHT="68" WIDTH="22" VPOS="769" HPOS="765"/>
            <String HEIGHT="68" WIDTH="132" VPOS="769" HPOS="699" CONTENT="de" ID="tl_14_5" STYLEREFS="FONT0"/>
            <SP HEIGHT="68" WIDTH="22" VPOS="769" HPOS="830"/>
            <String HEIGHT="68" WIDTH="285" VPOS="769" HPOS="765" CONTENT="réception" ID="tl_14_6" STYLEREFS="FONT0"/>
            <SP HEIGHT="68" WIDTH="22" VPOS="769" HPOS="1050"/>
            <String HEIGHT="68" WIDTH="110" VPOS="769" HPOS="984" CONTENT="à" ID="tl_14_7" STYLEREFS="FONT0"/>
            <SP HEIGHT="68" WIDTH="22" VPOS="769" HPOS="1094"/>
            <String HEIGHT="68" WIDTH="307" VPOS="769" HPOS="1028" CONTENT="l’Académie" ID="tl_14_8" STYLEREFS="FONT0"/>
            <SP HEIGHT="68" WIDTH="22" VPOS="769" HPOS="1335"/>
            <String HEIGHT="68" WIDTH="263" VPOS="769" HPOS="1248" CONTENT="française." ID="tl_14_9" STYLEREFS="FONT0"/>
          </TextLine>
          <TextLine ID="tl_15" BASELINE="883" HEIGHT="60" WIDTH="1365" VPOS="823" HPOS="148">
            <String HEIGHT="60" WIDTH="181" VPOS="823" HPOS="128" CONTENT="Cette" ID="tl_15_1" STYLEREFS="FONT0"/>
            <SP HEIGHT="60" WIDTH="20" VPOS="823" HPOS="309"/>
            <String HEIGHT="60" WIDTH="201" VPOS="823" HPOS="248" CONTENT="faute," ID="tl_15_2" STYLEREFS="FONT0"/>
            <SP HEIGHT="60" WIDTH="20" VPOS="823" HPOS="449"/>
            <String HEIGHT="60" WIDTH="120" VPOS="823" HPOS="389" CONTENT="si" ID="tl_15_3" STYLEREFS="FONT0"/>
            <SP HEIGHT="60" WIDTH="20" VPOS="823" HPOS="509"/>
            <String HEIGHT="60" WIDTH="161" VPOS="823" HPOS="449" CONTENT="elle" ID="tl_15_4" STYLEREFS="FONT0"/>
            <SP HEIGHT="60" WIDTH="20" VPOS="823" HPOS="610"/>
            <String HEIGHT="60" WIDTH="100" VPOS="823" HPOS="549" CONTENT="a" ID="tl_15_5" STYLEREFS="FONT0"/>
            <SP HEIGHT="60" WIDTH="20" VPOS="823" HPOS="650"/>
            <String HEIGHT="60" WIDTH="141" VPOS="823" HPOS="590" CONTENT="été" ID="tl_15_6" STYLEREFS="FONT0"/>
            <SP HEIGHT="60" WIDTH="20" VPOS="823" HPOS="730"/>
            <String HEIGHT="60" WIDTH="201" VPOS="823" HPOS="670" CONTENT="copiée" ID="tl_15_7" STYLEREFS="FONT0"/>
            <SP HEIGHT="60" WIDTH="20" VPOS="823" HPOS="871"/>
            <String HEIGHT="60" WIDTH="100" VPOS="823" HPOS="810" CONTENT="à" ID="tl_15_8" STYLEREFS="FONT0"/>
            <SP HEIGHT="60" WIDTH="20" VPOS="823" HPOS="911"/>
            <String HEIGHT="60" WIDTH="120" VPOS="823" HPOS="851" CONTENT="la" ID="tl_15_9" STYLEREFS="FONT0"/>
            <SP HEIGHT="60" WIDTH="20" VPOS="823" HPOS="971"/>
            <String HEIGHT="60" WIDTH="321" VPOS="823" HPOS="911" CONTENT="composition," ID="tl_15_10" STYLEREFS="FONT0"/>
            <SP HEIGHT="60" WIDTH="20" VPOS="823" HPOS="1232"/>
            <String HEIGHT="60" WIDTH="141" VPOS="823" HPOS="1172" CONTENT="lui" ID="tl_15_11" STYLEREFS="FONT0"/>
            <SP HEIGHT="60" WIDTH="20" VPOS="823" HPOS="1312"/>
            <String HEIGHT="60" WIDTH="141" VPOS="823" HPOS="1252" CONTENT="est" ID="tl_15_12" STYLEREFS="FONT0"/>
            <SP HEIGHT="60" WIDTH="20" VPOS="823" HPOS="1393"/>
            <String HEIGHT="60" WIDTH="201" VPOS="823" HPOS="1312" CONTENT="échappée" ID="tl_15_13" STYLEREFS="FONT0"/>
          </TextLine>
          <TextLine ID="tl_16" BASELINE="932" HEIGHT="65" WIDTH="538" VPOS="867" HPOS="152">
            <String HEIGHT="65" WIDTH="124" VPOS="867" HPOS="131" CONTENT="en" ID="tl_16_1" STYLEREFS="FONT0"/>
            <SP HEIGHT="65" WIDTH="21" VPOS="867" HPOS="255"/>
            <String HEIGHT="65" WIDTH="290" VPOS="867" HPOS="193" CONTENT="corrigeant" ID="tl_16_2" STYLEREFS="FONT0"/>
            <SP HEIGHT="65" WIDTH="21" VPOS="867" HPOS="483"/>
            <String HEIGHT="65" WIDTH="290" VPOS="867" HPOS="400" CONTENT="l’épreuve..." ID="tl_16_3" STYLEREFS="FONT0"/>
          </TextLine>
        </TextBlock>
        <TextBlock ID="r_2_10" HEIGHT="99" WIDTH="1395" VPOS="923" HPOS="108">
          <TextLine ID="tl_17" BASELINE="989" HEIGHT="70" WIDTH="1411" VPOS="919" HPOS="99">
            <String HEIGHT="70" WIDTH="165" VPOS="919" HPOS="81" CONTENT="1692." ID="tl_17_1" STYLEREFS="FONT0"/>
            <SP HEIGHT="70" WIDTH="18" VPOS="919" HPOS="246"/>
            <String HEIGHT="70" WIDTH="366" VPOS="919" HPOS="191" CONTENT="Quinette," ID="tl_17_2" STYLEREFS="FONT1"/>
            <SP HEIGHT="70" WIDTH="18" VPOS="919" HPOS="557"/>
            <String HEIGHT="70" WIDTH="183" VPOS="919" HPOS="502" CONTENT="député" ID="tl_17_3" STYLEREFS="FONT0"/>
            <SP HEIGHT="70" WIDTH="18" VPOS="919" HPOS="685"/>
            <String HEIGHT="70" WIDTH="110" VPOS="919" HPOS="630" CONTENT="de" ID="tl_17_4" STYLEREFS="FONT0"/>
            <SP HEIGHT="70" WIDTH="18" VPOS="919" HPOS="740"/>
            <String HEIGHT="70" WIDTH="330" VPOS="919" HPOS="685" CONTENT="l'Aisne" ID="tl_17_5" STYLEREFS="FONT2"/>
            <SP HEIGHT="70" WIDTH="18" VPOS="919" HPOS="1015"/>
            <String HEIGHT="70" WIDTH="92" VPOS="919" HPOS="960" CONTENT="à" ID="tl_17_6" STYLEREFS="FONT0"/>
            <SP HEIGHT="70" WIDTH="18" VPOS="919" HPOS="1052"/>
            <String HEIGHT="70" WIDTH="110" VPOS="919" HPOS="997" CONTENT="la" ID="tl_17_7" STYLEREFS="FONT0"/>
            <SP HEIGHT="70" WIDTH="18" VPOS="919" HPOS="1107"/>
            <String HEIGHT="70" WIDTH="275" VPOS="919" HPOS="1052" CONTENT="Convention." ID="tl_17_8" STYLEREFS="FONT0"/>
            <SP HEIGHT="70" WIDTH="18" VPOS="919" HPOS="1327"/>
            <String HEIGHT="70" WIDTH="110" VPOS="919" HPOS="1272" CONTENT="L." ID="tl_17_9" STYLEREFS="FONT0"/>
            <SP HEIGHT="70" WIDTH="18" VPOS="919" HPOS="1382"/>
            <String HEIGHT="70" WIDTH="147" VPOS="919" HPOS="1327" CONTENT="aut." ID="tl_17_10" STYLEREFS="FONT0"/>
            <SP HEIGHT="70" WIDTH="18" VPOS="919" HPOS="1473"/>
            <String HEIGHT="70" WIDTH="110" VPOS="919" HPOS="1400" CONTENT="sig." ID="tl_17_11" STYLEREFS="FONT0"/>
          </TextLine>
          <TextLine ID="tl_18" BASELINE="1019" HEIGHT="56" WIDTH="1363" VPOS="963" HPOS="147">
            <String HEIGHT="56" WIDTH="325" VPOS="963" HPOS="115" CONTENT="Paris," ID="tl_18_1" STYLEREFS="FONT0"/>
            <SP HEIGHT="56" WIDTH="32" VPOS="963" HPOS="439"/>
            <String HEIGHT="56" WIDTH="162" VPOS="963" HPOS="342" CONTENT="4" ID="tl_18_2" STYLEREFS="FONT0"/>
            <SP HEIGHT="56" WIDTH="32" VPOS="963" HPOS="504"/>
            <String HEIGHT="56" WIDTH="422" VPOS="963" HPOS="407" CONTENT="fructidor" ID="tl_18_3" STYLEREFS="FONT0"/>
            <SP HEIGHT="56" WIDTH="32" VPOS="963" HPOS="829"/>
            <String HEIGHT="56" WIDTH="195" VPOS="963" HPOS="731" CONTENT="an" ID="tl_18_4" STYLEREFS="FONT0"/>
            <SP HEIGHT="56" WIDTH="32" VPOS="963" HPOS="926"/>
            <String HEIGHT="56" WIDTH="260" VPOS="963" HPOS="829" CONTENT="VII." ID="tl_18_5" STYLEREFS="FONT0"/>
            <SP HEIGHT="56" WIDTH="32" VPOS="963" HPOS="1088"/>
            <String HEIGHT="56" WIDTH="162" VPOS="963" HPOS="991" CONTENT="1" ID="tl_18_6" STYLEREFS="FONT0"/>
            <SP HEIGHT="56" WIDTH="32" VPOS="963" HPOS="1153"/>
            <String HEIGHT="56" WIDTH="195" VPOS="963" HPOS="1056" CONTENT="p." ID="tl_18_7" STYLEREFS="FONT0"/>
            <SP HEIGHT="56" WIDTH="32" VPOS="963" HPOS="1250"/>
            <String HEIGHT="56" WIDTH="292" VPOS="963" HPOS="1153" CONTENT="in-4." ID="tl_18_8" STYLEREFS="FONT0"/>
            <SP HEIGHT="56" WIDTH="32" VPOS="963" HPOS="1445"/>
            <String HEIGHT="56" WIDTH="162" VPOS="963" HPOS="1348" CONTENT="2" ID="tl_18_9" STYLEREFS="FONT0"/>
            <SP HEIGHT="56" WIDTH="32" VPOS="963" HPOS="1510"/>
            <String HEIGHT="56" WIDTH="130" VPOS="963" HPOS="1380" CONTENT="50" ID="tl_18_10" STYLEREFS="FONT0"/>
          </TextLine>
        </TextBlock>
        <TextBlock ID="r_2_11" HEIGHT="146" WIDTH="1398" VPOS="1019" HPOS="105">
          <TextLine ID="tl_19" BASELINE="1084" HEIGHT="81" WIDTH="1414" VPOS="1003" HPOS="97">
            <String HEIGHT="81" WIDTH="199" VPOS="1003" HPOS="75" CONTENT="1693." ID="tl_19_1" STYLEREFS="FONT0"/>
            <SP HEIGHT="81" WIDTH="22" VPOS="1003" HPOS="274"/>
            <String HEIGHT="81" WIDTH="287" VPOS="1003" HPOS="207" CONTENT="Rabaut" ID="tl_19_2" STYLEREFS="FONT1"/>
            <SP HEIGHT="81" WIDTH="22" VPOS="1003" HPOS="495"/>
            <String HEIGHT="81" WIDTH="486" VPOS="1003" HPOS="428" CONTENT="Saint-Etienne," ID="tl_19_3" STYLEREFS="FONT1"/>
            <SP HEIGHT="81" WIDTH="22" VPOS="1003" HPOS="914"/>
            <String HEIGHT="81" WIDTH="243" VPOS="1003" HPOS="848" CONTENT="pasteur" ID="tl_19_4" STYLEREFS="FONT0"/>
            <SP HEIGHT="81" WIDTH="22" VPOS="1003" HPOS="1091"/>
            <String HEIGHT="81" WIDTH="331" VPOS="1003" HPOS="1025" CONTENT="protestant," ID="tl_19_5" STYLEREFS="FONT0"/>
            <SP HEIGHT="81" WIDTH="22" VPOS="1003" HPOS="1356"/>
            <String HEIGHT="81" WIDTH="221" VPOS="1003" HPOS="1290" CONTENT="député" ID="tl_19_6" STYLEREFS="FONT0"/>
            <SP HEIGHT="81" WIDTH="22" VPOS="1003" HPOS="1511"/>
            <String HEIGHT="81" WIDTH="88" VPOS="1003" HPOS="1423" CONTENT="de" ID="tl_19_7" STYLEREFS="FONT0"/>
          </TextLine>
          <TextLine ID="tl_20" BASELINE="1117" HEIGHT="56" WIDTH="1363" VPOS="1061" HPOS="146">
            <String HEIGHT="56" WIDTH="297" VPOS="1061" HPOS="129" CONTENT="l'Aube" ID="tl_20_1" STYLEREFS="FONT2"/>
            <SP HEIGHT="56" WIDTH="17" VPOS="1061" HPOS="426"/>
            <String HEIGHT="56" WIDTH="87" VPOS="1061" HPOS="373" CONTENT="à" ID="tl_20_2" STYLEREFS="FONT0"/>
            <SP HEIGHT="56" WIDTH="17" VPOS="1061" HPOS="461"/>
            <String HEIGHT="56" WIDTH="105" VPOS="1061" HPOS="408" CONTENT="la" ID="tl_20_3" STYLEREFS="FONT0"/>
            <SP HEIGHT="56" WIDTH="17" VPOS="1061" HPOS="513"/>
            <String HEIGHT="56" WIDTH="262" VPOS="1061" HPOS="461" CONTENT="Convention." ID="tl_20_4" STYLEREFS="FONT0"/>
            <SP HEIGHT="56" WIDTH="17" VPOS="1061" HPOS="723"/>
            <String HEIGHT="56" WIDTH="105" VPOS="1061" HPOS="670" CONTENT="L." ID="tl_20_5" STYLEREFS="FONT0"/>
            <SP HEIGHT="56" WIDTH="17" VPOS="1061" HPOS="775"/>
            <String HEIGHT="56" WIDTH="140" VPOS="1061" HPOS="723" CONTENT="aut." ID="tl_20_6" STYLEREFS="FONT0"/>
            <SP HEIGHT="56" WIDTH="17" VPOS="1061" HPOS="862"/>
            <String HEIGHT="56" WIDTH="140" VPOS="1061" HPOS="810" CONTENT="sig." ID="tl_20_7" STYLEREFS="FONT0"/>
            <SP HEIGHT="56" WIDTH="17" VPOS="1061" HPOS="950"/>
            <String HEIGHT="56" WIDTH="175" VPOS="1061" HPOS="897" CONTENT="Paris," ID="tl_20_8" STYLEREFS="FONT0"/>
            <SP HEIGHT="56" WIDTH="17" VPOS="1061" HPOS="1072"/>
            <String HEIGHT="56" WIDTH="105" VPOS="1061" HPOS="1020" CONTENT="14" ID="tl_20_9" STYLEREFS="FONT0"/>
            <SP HEIGHT="56" WIDTH="17" VPOS="1061" HPOS="1125"/>
            <String HEIGHT="56" WIDTH="192" VPOS="1061" HPOS="1072" CONTENT="juillet" ID="tl_20_10" STYLEREFS="FONT0"/>
            <SP HEIGHT="56" WIDTH="17" VPOS="1061" HPOS="1264"/>
            <String HEIGHT="56" WIDTH="157" VPOS="1061" HPOS="1212" CONTENT="1790." ID="tl_20_11" STYLEREFS="FONT0"/>
            <SP HEIGHT="56" WIDTH="17" VPOS="1061" HPOS="1369"/>
            <String HEIGHT="56" WIDTH="87" VPOS="1061" HPOS="1317" CONTENT="2" ID="tl_20_12" STYLEREFS="FONT0"/>
            <SP HEIGHT="56" WIDTH="17" VPOS="1061" HPOS="1404"/>
            <String HEIGHT="56" WIDTH="105" VPOS="1061" HPOS="1352" CONTENT="p." ID="tl_20_13" STYLEREFS="FONT0"/>
            <SP HEIGHT="56" WIDTH="17" VPOS="1061" HPOS="1457"/>
            <String HEIGHT="56" WIDTH="122" VPOS="1061" HPOS="1387" CONTENT="in" ID="tl_20_14" STYLEREFS="FONT0"/>
          </TextLine>
          <TextLine ID="tl_21" BASELINE="1162" HEIGHT="56" WIDTH="1364" VPOS="1106" HPOS="145">
            <String HEIGHT="56" WIDTH="536" VPOS="1106" HPOS="96" CONTENT="(Tachée" ID="tl_21_1" STYLEREFS="FONT0"/>
            <SP HEIGHT="56" WIDTH="49" VPOS="1106" HPOS="632"/>
            <String HEIGHT="56" WIDTH="292" VPOS="1106" HPOS="486" CONTENT="de" ID="tl_21_2" STYLEREFS="FONT0"/>
            <SP HEIGHT="56" WIDTH="49" VPOS="1106" HPOS="778"/>
            <String HEIGHT="56" WIDTH="779" VPOS="1106" HPOS="632" CONTENT="l’humidité.)" ID="tl_21_3" STYLEREFS="FONT0"/>
            <SP HEIGHT="56" WIDTH="49" VPOS="1106" HPOS="1412"/>
            <String HEIGHT="56" WIDTH="244" VPOS="1106" HPOS="1265" CONTENT="2" ID="tl_21_4" STYLEREFS="FONT0"/>
            <SP HEIGHT="56" WIDTH="49" VPOS="1106" HPOS="1509"/>
            <String HEIGHT="56" WIDTH="195" VPOS="1106" HPOS="1314" CONTENT="50" ID="tl_21_5" STYLEREFS="FONT0"/>
          </TextLine>
        </TextBlock>
        <TextBlock ID="r_2_12" HEIGHT="145" WIDTH="1396" VPOS="1163" HPOS="106">
          <TextLine ID="tl_22" BASELINE="1225" HEIGHT="70" WIDTH="1409" VPOS="1155" HPOS="98">
            <String HEIGHT="70" WIDTH="171" VPOS="1155" HPOS="79" CONTENT="1694." ID="tl_22_1" STYLEREFS="FONT0"/>
            <SP HEIGHT="70" WIDTH="19" VPOS="1155" HPOS="250"/>
            <String HEIGHT="70" WIDTH="267" VPOS="1155" HPOS="193" CONTENT="Raffron" ID="tl_22_2" STYLEREFS="FONT1"/>
            <SP HEIGHT="70" WIDTH="19" VPOS="1155" HPOS="460"/>
            <String HEIGHT="70" WIDTH="114" VPOS="1155" HPOS="403" CONTENT="du" ID="tl_22_3" STYLEREFS="FONT1"/>
            <SP HEIGHT="70" WIDTH="19" VPOS="1155" HPOS="517"/>
            <String HEIGHT="70" WIDTH="343" VPOS="1155" HPOS="460" CONTENT="Trouillet," ID="tl_22_4" STYLEREFS="FONT1"/>
            <SP HEIGHT="70" WIDTH="19" VPOS="1155" HPOS="803"/>
            <String HEIGHT="70" WIDTH="190" VPOS="1155" HPOS="745" CONTENT="député" ID="tl_22_5" STYLEREFS="FONT0"/>
            <SP HEIGHT="70" WIDTH="19" VPOS="1155" HPOS="936"/>
            <String HEIGHT="70" WIDTH="114" VPOS="1155" HPOS="879" CONTENT="de" ID="tl_22_6" STYLEREFS="FONT0"/>
            <SP HEIGHT="70" WIDTH="19" VPOS="1155" HPOS="993"/>
            <String HEIGHT="70" WIDTH="305" VPOS="1155" HPOS="936" CONTENT="Paris" ID="tl_22_7" STYLEREFS="FONT2"/>
            <SP HEIGHT="70" WIDTH="19" VPOS="1155" HPOS="1240"/>
            <String HEIGHT="70" WIDTH="95" VPOS="1155" HPOS="1183" CONTENT="à" ID="tl_22_8" STYLEREFS="FONT0"/>
            <SP HEIGHT="70" WIDTH="19" VPOS="1155" HPOS="1279"/>
            <String HEIGHT="70" WIDTH="114" VPOS="1155" HPOS="1221" CONTENT="la" ID="tl_22_9" STYLEREFS="FONT0"/>
            <SP HEIGHT="70" WIDTH="19" VPOS="1155" HPOS="1336"/>
            <String HEIGHT="70" WIDTH="248" VPOS="1155" HPOS="1259" CONTENT="Convention." ID="tl_22_10" STYLEREFS="FONT0"/>
          </TextLine>
          <TextLine ID="tl_23" BASELINE="1268" HEIGHT="64" WIDTH="1365" VPOS="1204" HPOS="145">
            <String HEIGHT="64" WIDTH="114" VPOS="1204" HPOS="126" CONTENT="L." ID="tl_23_1" STYLEREFS="FONT0"/>
            <SP HEIGHT="64" WIDTH="19" VPOS="1204" HPOS="240"/>
            <String HEIGHT="64" WIDTH="152" VPOS="1204" HPOS="183" CONTENT="sig." ID="tl_23_2" STYLEREFS="FONT0"/>
            <SP HEIGHT="64" WIDTH="19" VPOS="1204" HPOS="335"/>
            <String HEIGHT="64" WIDTH="190" VPOS="1204" HPOS="278" CONTENT="Paris," ID="tl_23_3" STYLEREFS="FONT0"/>
            <SP HEIGHT="64" WIDTH="19" VPOS="1204" HPOS="467"/>
            <String HEIGHT="64" WIDTH="95" VPOS="1204" HPOS="410" CONTENT="5" ID="tl_23_4" STYLEREFS="FONT0"/>
            <SP HEIGHT="64" WIDTH="19" VPOS="1204" HPOS="505"/>
            <String HEIGHT="64" WIDTH="246" VPOS="1204" HPOS="448" CONTENT="fructidor" ID="tl_23_5" STYLEREFS="FONT0"/>
            <SP HEIGHT="64" WIDTH="19" VPOS="1204" HPOS="695"/>
            <String HEIGHT="64" WIDTH="114" VPOS="1204" HPOS="638" CONTENT="an" ID="tl_23_6" STYLEREFS="FONT0"/>
            <SP HEIGHT="64" WIDTH="19" VPOS="1204" HPOS="752"/>
            <String HEIGHT="64" WIDTH="95" VPOS="1204" HPOS="695" CONTENT="V" ID="tl_23_7" STYLEREFS="FONT0"/>
            <SP HEIGHT="64" WIDTH="19" VPOS="1204" HPOS="790"/>
            <String HEIGHT="64" WIDTH="114" VPOS="1204" HPOS="733" CONTENT="(à" ID="tl_23_8" STYLEREFS="FONT0"/>
            <SP HEIGHT="64" WIDTH="19" VPOS="1204" HPOS="846"/>
            <String HEIGHT="64" WIDTH="171" VPOS="1204" HPOS="790" CONTENT="l’âge" ID="tl_23_9" STYLEREFS="FONT0"/>
            <SP HEIGHT="64" WIDTH="19" VPOS="1204" HPOS="960"/>
            <String HEIGHT="64" WIDTH="114" VPOS="1204" HPOS="903" CONTENT="de" ID="tl_23_10" STYLEREFS="FONT0"/>
            <SP HEIGHT="64" WIDTH="19" VPOS="1204" HPOS="1017"/>
            <String HEIGHT="64" WIDTH="114" VPOS="1204" HPOS="960" CONTENT="87" ID="tl_23_11" STYLEREFS="FONT0"/>
            <SP HEIGHT="64" WIDTH="19" VPOS="1204" HPOS="1074"/>
            <String HEIGHT="64" WIDTH="171" VPOS="1204" HPOS="1017" CONTENT="ans)." ID="tl_23_12" STYLEREFS="FONT0"/>
            <SP HEIGHT="64" WIDTH="19" VPOS="1204" HPOS="1188"/>
            <String HEIGHT="64" WIDTH="95" VPOS="1204" HPOS="1131" CONTENT="1" ID="tl_23_13" STYLEREFS="FONT0"/>
            <SP HEIGHT="64" WIDTH="19" VPOS="1204" HPOS="1226"/>
            <String HEIGHT="64" WIDTH="114" VPOS="1204" HPOS="1169" CONTENT="p." ID="tl_23_14" STYLEREFS="FONT0"/>
            <SP HEIGHT="64" WIDTH="19" VPOS="1204" HPOS="1283"/>
            <String HEIGHT="64" WIDTH="171" VPOS="1204" HPOS="1226" CONTENT="in-4." ID="tl_23_15" STYLEREFS="FONT0"/>
            <SP HEIGHT="64" WIDTH="19" VPOS="1204" HPOS="1396"/>
            <String HEIGHT="64" WIDTH="190" VPOS="1204" HPOS="1320" CONTENT="(Déchis." ID="tl_23_16" STYLEREFS="FONT0"/>
          </TextLine>
          <TextLine ID="tl_24" BASELINE="1309" HEIGHT="54" WIDTH="1367" VPOS="1255" HPOS="140">
            <String HEIGHT="54" WIDTH="353" VPOS="1255" HPOS="96" CONTENT="rure" ID="tl_24_1" STYLEREFS="FONT0"/>
            <SP HEIGHT="54" WIDTH="44" VPOS="1255" HPOS="449"/>
            <String HEIGHT="54" WIDTH="353" VPOS="1255" HPOS="316" CONTENT="près" ID="tl_24_2" STYLEREFS="FONT0"/>
            <SP HEIGHT="54" WIDTH="44" VPOS="1255" HPOS="669"/>
            <String HEIGHT="54" WIDTH="265" VPOS="1255" HPOS="537" CONTENT="de" ID="tl_24_3" STYLEREFS="FONT0"/>
            <SP HEIGHT="54" WIDTH="44" VPOS="1255" HPOS="801"/>
            <String HEIGHT="54" WIDTH="265" VPOS="1255" HPOS="669" CONTENT="la" ID="tl_24_4" STYLEREFS="FONT0"/>
            <SP HEIGHT="54" WIDTH="44" VPOS="1255" HPOS="934"/>
            <String HEIGHT="54" WIDTH="661" VPOS="1255" HPOS="801" CONTENT="signature.)" ID="tl_24_5" STYLEREFS="FONT0"/>
            <SP HEIGHT="54" WIDTH="44" VPOS="1255" HPOS="1463"/>
            <String HEIGHT="54" WIDTH="220" VPOS="1255" HPOS="1331" CONTENT="3" ID="tl_24_6" STYLEREFS="FONT0"/>
            <SP HEIGHT="54" WIDTH="44" VPOS="1255" HPOS="1551"/>
            <String HEIGHT="54" WIDTH="132" VPOS="1255" HPOS="1375" CONTENT="»" ID="tl_24_7" STYLEREFS="FONT0"/>
          </TextLine>
        </TextBlock>
        <TextBlock ID="r_2_13" HEIGHT="53" WIDTH="1395" VPOS="1307" HPOS="103">
          <TextLine ID="tl_25" BASELINE="1365" HEIGHT="67" WIDTH="1410" VPOS="1298" HPOS="96">
            <String HEIGHT="67" WIDTH="159" VPOS="1298" HPOS="78" CONTENT="1695." ID="tl_25_1" STYLEREFS="FONT0"/>
            <SP HEIGHT="67" WIDTH="18" VPOS="1298" HPOS="237"/>
            <String HEIGHT="67" WIDTH="264" VPOS="1298" HPOS="184" CONTENT="Réal" ID="tl_25_2" STYLEREFS="FONT1"/>
            <SP HEIGHT="67" WIDTH="18" VPOS="1298" HPOS="449"/>
            <String HEIGHT="67" WIDTH="176" VPOS="1298" HPOS="396" CONTENT="député" ID="tl_25_3" STYLEREFS="FONT0"/>
            <SP HEIGHT="67" WIDTH="18" VPOS="1298" HPOS="572"/>
            <String HEIGHT="67" WIDTH="106" VPOS="1298" HPOS="519" CONTENT="de" ID="tl_25_4" STYLEREFS="FONT0"/>
            <SP HEIGHT="67" WIDTH="18" VPOS="1298" HPOS="625"/>
            <String HEIGHT="67" WIDTH="317" VPOS="1298" HPOS="572" CONTENT="l'Isère" ID="tl_25_5" STYLEREFS="FONT2"/>
            <SP HEIGHT="67" WIDTH="18" VPOS="1298" HPOS="889"/>
            <String HEIGHT="67" WIDTH="88" VPOS="1298" HPOS="836" CONTENT="à" ID="tl_25_6" STYLEREFS="FONT0"/>
            <SP HEIGHT="67" WIDTH="18" VPOS="1298" HPOS="924"/>
            <String HEIGHT="67" WIDTH="106" VPOS="1298" HPOS="872" CONTENT="la" ID="tl_25_7" STYLEREFS="FONT0"/>
            <SP HEIGHT="67" WIDTH="18" VPOS="1298" HPOS="977"/>
            <String HEIGHT="67" WIDTH="264" VPOS="1298" HPOS="924" CONTENT="Convention." ID="tl_25_8" STYLEREFS="FONT0"/>
            <SP HEIGHT="67" WIDTH="18" VPOS="1298" HPOS="1189"/>
            <String HEIGHT="67" WIDTH="106" VPOS="1298" HPOS="1136" CONTENT="L." ID="tl_25_9" STYLEREFS="FONT0"/>
            <SP HEIGHT="67" WIDTH="18" VPOS="1298" HPOS="1242"/>
            <String HEIGHT="67" WIDTH="141" VPOS="1298" HPOS="1189" CONTENT="aut." ID="tl_25_10" STYLEREFS="FONT0"/>
            <SP HEIGHT="67" WIDTH="18" VPOS="1298" HPOS="1330"/>
            <String HEIGHT="67" WIDTH="159" VPOS="1298" HPOS="1277" CONTENT="sig.," ID="tl_25_11" STYLEREFS="FONT0"/>
            <SP HEIGHT="67" WIDTH="18" VPOS="1298" HPOS="1436"/>
            <String HEIGHT="67" WIDTH="106" VPOS="1298" HPOS="1383" CONTENT="au" ID="tl_25_12" STYLEREFS="FONT0"/>
            <SP HEIGHT="67" WIDTH="18" VPOS="1298" HPOS="1488"/>
            <String HEIGHT="67" WIDTH="88" VPOS="1298" HPOS="1418" CONTENT="Di" ID="tl_25_13" STYLEREFS="FONT0"/>
          </TextLine>
        </TextBlock>
        <TextBlock ID="r_2_14" HEIGHT="96" WIDTH="1349" VPOS="1354" HPOS="150">
          <TextLine ID="tl_26" BASELINE="1403" HEIGHT="55" WIDTH="1365" VPOS="1348" HPOS="142">
            <String HEIGHT="55" WIDTH="244" VPOS="1348" HPOS="122" CONTENT="rectoire" ID="tl_26_1" STYLEREFS="FONT0"/>
            <SP HEIGHT="55" WIDTH="20" VPOS="1348" HPOS="366"/>
            <String HEIGHT="55" WIDTH="265" VPOS="1348" HPOS="305" CONTENT="exécutif." ID="tl_26_2" STYLEREFS="FONT0"/>
            <SP HEIGHT="55" WIDTH="20" VPOS="1348" HPOS="570"/>
            <String HEIGHT="55" WIDTH="204" VPOS="1348" HPOS="509" CONTENT="Paris," ID="tl_26_3" STYLEREFS="FONT0"/>
            <SP HEIGHT="55" WIDTH="20" VPOS="1348" HPOS="712"/>
            <String HEIGHT="55" WIDTH="122" VPOS="1348" HPOS="651" CONTENT="17" ID="tl_26_4" STYLEREFS="FONT0"/>
            <SP HEIGHT="55" WIDTH="20" VPOS="1348" HPOS="774"/>
            <String HEIGHT="55" WIDTH="265" VPOS="1348" HPOS="712" CONTENT="fructidor" ID="tl_26_5" STYLEREFS="FONT0"/>
            <SP HEIGHT="55" WIDTH="20" VPOS="1348" HPOS="977"/>
            <String HEIGHT="55" WIDTH="122" VPOS="1348" HPOS="916" CONTENT="an" ID="tl_26_6" STYLEREFS="FONT0"/>
            <SP HEIGHT="55" WIDTH="20" VPOS="1348" HPOS="1038"/>
            <String HEIGHT="55" WIDTH="143" VPOS="1348" HPOS="977" CONTENT="IV." ID="tl_26_7" STYLEREFS="FONT0"/>
            <SP HEIGHT="55" WIDTH="20" VPOS="1348" HPOS="1120"/>
            <String HEIGHT="55" WIDTH="102" VPOS="1348" HPOS="1059" CONTENT="2" ID="tl_26_8" STYLEREFS="FONT0"/>
            <SP HEIGHT="55" WIDTH="20" VPOS="1348" HPOS="1161"/>
            <String HEIGHT="55" WIDTH="122" VPOS="1348" HPOS="1100" CONTENT="p." ID="tl_26_9" STYLEREFS="FONT0"/>
            <SP HEIGHT="55" WIDTH="20" VPOS="1348" HPOS="1222"/>
            <String HEIGHT="55" WIDTH="224" VPOS="1348" HPOS="1161" CONTENT="in-fol." ID="tl_26_10" STYLEREFS="FONT0"/>
            <SP HEIGHT="55" WIDTH="20" VPOS="1348" HPOS="1385"/>
            <String HEIGHT="55" WIDTH="204" VPOS="1348" HPOS="1303" CONTENT="(Tachée." ID="tl_26_11" STYLEREFS="FONT0"/>
          </TextLine>
          <TextLine ID="tl_27" BASELINE="1450" HEIGHT="56" WIDTH="1361" VPOS="1394" HPOS="144">
            <String HEIGHT="56" WIDTH="1361" VPOS="1394" HPOS="59" CONTENT="d’humidité.)" ID="tl_27_1" STYLEREFS="FONT0"/>
            <SP HEIGHT="56" WIDTH="85" VPOS="1394" HPOS="1420"/>
            <String HEIGHT="56" WIDTH="425" VPOS="1394" HPOS="1165" CONTENT="3" ID="tl_27_2" STYLEREFS="FONT0"/>
            <SP HEIGHT="56" WIDTH="85" VPOS="1394" HPOS="1590"/>
            <String HEIGHT="56" WIDTH="255" VPOS="1394" HPOS="1250" CONTENT="»" ID="tl_27_3" STYLEREFS="FONT0"/>
          </TextLine>
        </TextBlock>
        <TextBlock ID="r_2_15" HEIGHT="87" WIDTH="1348" VPOS="1451" HPOS="148">
          <TextLine ID="tl_28" BASELINE="1514" HEIGHT="71" WIDTH="1294" VPOS="1443" HPOS="210">
            <String HEIGHT="71" WIDTH="121" VPOS="1443" HPOS="190" CONTENT="Il" ID="tl_28_1" STYLEREFS="FONT0"/>
            <SP HEIGHT="71" WIDTH="20" VPOS="1443" HPOS="311"/>
            <String HEIGHT="71" WIDTH="142" VPOS="1443" HPOS="250" CONTENT="lui" ID="tl_28_2" STYLEREFS="FONT0"/>
            <SP HEIGHT="71" WIDTH="20" VPOS="1443" HPOS="392"/>
            <String HEIGHT="71" WIDTH="222" VPOS="1443" HPOS="331" CONTENT="adresse" ID="tl_28_3" STYLEREFS="FONT0"/>
            <SP HEIGHT="71" WIDTH="20" VPOS="1443" HPOS="554"/>
            <String HEIGHT="71" WIDTH="142" VPOS="1443" HPOS="493" CONTENT="son" ID="tl_28_4" STYLEREFS="FONT0"/>
            <SP HEIGHT="71" WIDTH="20" VPOS="1443" HPOS="635"/>
            <String HEIGHT="71" WIDTH="222" VPOS="1443" HPOS="574" CONTENT="rapport" ID="tl_28_5" STYLEREFS="FONT0"/>
            <SP HEIGHT="71" WIDTH="20" VPOS="1443" HPOS="796"/>
            <String HEIGHT="71" WIDTH="142" VPOS="1443" HPOS="736" CONTENT="sur" ID="tl_28_6" STYLEREFS="FONT0"/>
            <SP HEIGHT="71" WIDTH="20" VPOS="1443" HPOS="877"/>
            <String HEIGHT="71" WIDTH="121" VPOS="1443" HPOS="817" CONTENT="le" ID="tl_28_7" STYLEREFS="FONT0"/>
            <SP HEIGHT="71" WIDTH="20" VPOS="1443" HPOS="938"/>
            <String HEIGHT="71" WIDTH="162" VPOS="1443" HPOS="877" CONTENT="code" ID="tl_28_8" STYLEREFS="FONT0"/>
            <SP HEIGHT="71" WIDTH="20" VPOS="1443" HPOS="1039"/>
            <String HEIGHT="71" WIDTH="324" VPOS="1443" HPOS="978" CONTENT="hypothécaire" ID="tl_28_9" STYLEREFS="FONT0"/>
            <SP HEIGHT="71" WIDTH="20" VPOS="1443" HPOS="1302"/>
            <String HEIGHT="71" WIDTH="121" VPOS="1443" HPOS="1241" CONTENT="et" ID="tl_28_10" STYLEREFS="FONT0"/>
            <SP HEIGHT="71" WIDTH="20" VPOS="1443" HPOS="1362"/>
            <String HEIGHT="71" WIDTH="121" VPOS="1443" HPOS="1302" CONTENT="du" ID="tl_28_11" STYLEREFS="FONT0"/>
            <SP HEIGHT="71" WIDTH="20" VPOS="1443" HPOS="1423"/>
            <String HEIGHT="71" WIDTH="162" VPOS="1443" HPOS="1342" CONTENT="crédit" ID="tl_28_12" STYLEREFS="FONT0"/>
          </TextLine>
          <TextLine ID="tl_29" BASELINE="1552" HEIGHT="65" WIDTH="210" VPOS="1487" HPOS="139">
            <String HEIGHT="65" WIDTH="235" VPOS="1487" HPOS="114" CONTENT="cédulaire" ID="tl_29_1" STYLEREFS="FONT2"/>
          </TextLine>
        </TextBlock>
        <TextBlock ID="r_2_16" HEIGHT="99" WIDTH="1394" VPOS="1546" HPOS="102">
          <TextLine ID="tl_30" BASELINE="1606" HEIGHT="73" WIDTH="1401" VPOS="1533" HPOS="94">
            <String HEIGHT="73" WIDTH="166" VPOS="1533" HPOS="76" CONTENT="1696." ID="tl_30_1" STYLEREFS="FONT0"/>
            <SP HEIGHT="73" WIDTH="18" VPOS="1533" HPOS="241"/>
            <String HEIGHT="73" WIDTH="332" VPOS="1533" HPOS="186" CONTENT="Réguis," ID="tl_30_2" STYLEREFS="FONT1"/>
            <SP HEIGHT="73" WIDTH="18" VPOS="1533" HPOS="518"/>
            <String HEIGHT="73" WIDTH="184" VPOS="1533" HPOS="463" CONTENT="député" ID="tl_30_3" STYLEREFS="FONT0"/>
            <SP HEIGHT="73" WIDTH="18" VPOS="1533" HPOS="647"/>
            <String HEIGHT="73" WIDTH="129" VPOS="1533" HPOS="592" CONTENT="des" ID="tl_30_4" STYLEREFS="FONT0"/>
            <SP HEIGHT="73" WIDTH="18" VPOS="1533" HPOS="721"/>
            <String HEIGHT="73" WIDTH="424" VPOS="1533" HPOS="665" CONTENT="Basses-Alpes" ID="tl_30_5" STYLEREFS="FONT2"/>
            <SP HEIGHT="73" WIDTH="18" VPOS="1533" HPOS="1089"/>
            <String HEIGHT="73" WIDTH="92" VPOS="1533" HPOS="1034" CONTENT="à" ID="tl_30_6" STYLEREFS="FONT0"/>
            <SP HEIGHT="73" WIDTH="18" VPOS="1533" HPOS="1126"/>
            <String HEIGHT="73" WIDTH="111" VPOS="1533" HPOS="1071" CONTENT="la" ID="tl_30_7" STYLEREFS="FONT0"/>
            <SP HEIGHT="73" WIDTH="18" VPOS="1533" HPOS="1182"/>
            <String HEIGHT="73" WIDTH="277" VPOS="1533" HPOS="1126" CONTENT="Convention." ID="tl_30_8" STYLEREFS="FONT0"/>
            <SP HEIGHT="73" WIDTH="18" VPOS="1533" HPOS="1403"/>
            <String HEIGHT="73" WIDTH="111" VPOS="1533" HPOS="1348" CONTENT="L." ID="tl_30_9" STYLEREFS="FONT0"/>
            <SP HEIGHT="73" WIDTH="18" VPOS="1533" HPOS="1458"/>
            <String HEIGHT="73" WIDTH="111" VPOS="1533" HPOS="1384" CONTENT="aut." ID="tl_30_10" STYLEREFS="FONT0"/>
          </TextLine>
          <TextLine ID="tl_31" BASELINE="1637" HEIGHT="52" WIDTH="1365" VPOS="1585" HPOS="138">
            <String HEIGHT="52" WIDTH="163" VPOS="1585" HPOS="118" CONTENT="sig." ID="tl_31_1" STYLEREFS="FONT0"/>
            <SP HEIGHT="52" WIDTH="20" VPOS="1585" HPOS="281"/>
            <String HEIGHT="52" WIDTH="183" VPOS="1585" HPOS="219" CONTENT="Agen," ID="tl_31_2" STYLEREFS="FONT0"/>
            <SP HEIGHT="52" WIDTH="20" VPOS="1585" HPOS="403"/>
            <String HEIGHT="52" WIDTH="122" VPOS="1585" HPOS="342" CONTENT="13" ID="tl_31_3" STYLEREFS="FONT0"/>
            <SP HEIGHT="52" WIDTH="20" VPOS="1585" HPOS="464"/>
            <String HEIGHT="52" WIDTH="244" VPOS="1585" HPOS="403" CONTENT="prairial" ID="tl_31_4" STYLEREFS="FONT0"/>
            <SP HEIGHT="52" WIDTH="20" VPOS="1585" HPOS="647"/>
            <String HEIGHT="52" WIDTH="122" VPOS="1585" HPOS="586" CONTENT="an" ID="tl_31_5" STYLEREFS="FONT0"/>
            <SP HEIGHT="52" WIDTH="20" VPOS="1585" HPOS="708"/>
            <String HEIGHT="52" WIDTH="163" VPOS="1585" HPOS="647" CONTENT="XII." ID="tl_31_6" STYLEREFS="FONT0"/>
            <SP HEIGHT="52" WIDTH="20" VPOS="1585" HPOS="810"/>
            <String HEIGHT="52" WIDTH="102" VPOS="1585" HPOS="749" CONTENT="2" ID="tl_31_7" STYLEREFS="FONT0"/>
            <SP HEIGHT="52" WIDTH="20" VPOS="1585" HPOS="851"/>
            <String HEIGHT="52" WIDTH="122" VPOS="1585" HPOS="790" CONTENT="p." ID="tl_31_8" STYLEREFS="FONT0"/>
            <SP HEIGHT="52" WIDTH="20" VPOS="1585" HPOS="912"/>
            <String HEIGHT="52" WIDTH="183" VPOS="1585" HPOS="851" CONTENT="in-4." ID="tl_31_9" STYLEREFS="FONT0"/>
            <SP HEIGHT="52" WIDTH="20" VPOS="1585" HPOS="1034"/>
            <String HEIGHT="52" WIDTH="224" VPOS="1585" HPOS="973" CONTENT="(Tachée" ID="tl_31_10" STYLEREFS="FONT0"/>
            <SP HEIGHT="52" WIDTH="20" VPOS="1585" HPOS="1197"/>
            <String HEIGHT="52" WIDTH="326" VPOS="1585" HPOS="1136" CONTENT="d’humidité)." ID="tl_31_11" STYLEREFS="FONT0"/>
            <SP HEIGHT="52" WIDTH="20" VPOS="1585" HPOS="1462"/>
            <String HEIGHT="52" WIDTH="102" VPOS="1585" HPOS="1401" CONTENT="2" ID="tl_31_12" STYLEREFS="FONT0"/>
            <SP HEIGHT="52" WIDTH="20" VPOS="1585" HPOS="1503"/>
            <String HEIGHT="52" WIDTH="81" VPOS="1585" HPOS="1422" CONTENT="50" ID="tl_31_13" STYLEREFS="FONT0"/>
          </TextLine>
        </TextBlock>
        <TextBlock ID="r_2_17" HEIGHT="98" WIDTH="1395" VPOS="1642" HPOS="98">
          <TextLine ID="tl_32" BASELINE="1706" HEIGHT="72" WIDTH="1410" VPOS="1634" HPOS="90">
            <String HEIGHT="72" WIDTH="176" VPOS="1634" HPOS="70" CONTENT="1697." ID="tl_32_1" STYLEREFS="FONT0"/>
            <SP HEIGHT="72" WIDTH="20" VPOS="1634" HPOS="247"/>
            <String HEIGHT="72" WIDTH="411" VPOS="1634" HPOS="188" CONTENT="Renneville" ID="tl_32_2" STYLEREFS="FONT1"/>
            <SP HEIGHT="72" WIDTH="20" VPOS="1634" HPOS="599"/>
            <String HEIGHT="72" WIDTH="157" VPOS="1634" HPOS="540" CONTENT="(Mme" ID="tl_32_3" STYLEREFS="FONT0"/>
            <SP HEIGHT="72" WIDTH="20" VPOS="1634" HPOS="697"/>
            <String HEIGHT="72" WIDTH="157" VPOS="1634" HPOS="638" CONTENT="de)," ID="tl_32_4" STYLEREFS="FONT0"/>
            <SP HEIGHT="72" WIDTH="20" VPOS="1634" HPOS="795"/>
            <String HEIGHT="72" WIDTH="196" VPOS="1634" HPOS="736" CONTENT="auteur" ID="tl_32_5" STYLEREFS="FONT0"/>
            <SP HEIGHT="72" WIDTH="20" VPOS="1634" HPOS="932"/>
            <String HEIGHT="72" WIDTH="274" VPOS="1634" HPOS="873" CONTENT="d’ouvrages" ID="tl_32_6" STYLEREFS="FONT0"/>
            <SP HEIGHT="72" WIDTH="20" VPOS="1634" HPOS="1148"/>
            <String HEIGHT="72" WIDTH="313" VPOS="1634" HPOS="1089" CONTENT="d’éducation." ID="tl_32_7" STYLEREFS="FONT0"/>
            <SP HEIGHT="72" WIDTH="20" VPOS="1634" HPOS="1402"/>
            <String HEIGHT="72" WIDTH="118" VPOS="1634" HPOS="1343" CONTENT="L." ID="tl_32_8" STYLEREFS="FONT0"/>
            <SP HEIGHT="72" WIDTH="20" VPOS="1634" HPOS="1461"/>
            <String HEIGHT="72" WIDTH="118" VPOS="1634" HPOS="1383" CONTENT="aut." ID="tl_32_9" STYLEREFS="FONT0"/>
          </TextLine>
          <TextLine ID="tl_33" BASELINE="1737" HEIGHT="62" WIDTH="1365" VPOS="1675" HPOS="136">
            <String HEIGHT="62" WIDTH="183" VPOS="1675" HPOS="116" CONTENT="sig.," ID="tl_33_1" STYLEREFS="FONT0"/>
            <SP HEIGHT="62" WIDTH="20" VPOS="1675" HPOS="299"/>
            <String HEIGHT="62" WIDTH="102" VPOS="1675" HPOS="238" CONTENT="à" ID="tl_33_2" STYLEREFS="FONT0"/>
            <SP HEIGHT="62" WIDTH="20" VPOS="1675" HPOS="340"/>
            <String HEIGHT="62" WIDTH="122" VPOS="1675" HPOS="279" CONTENT="M." ID="tl_33_3" STYLEREFS="FONT0"/>
            <SP HEIGHT="62" WIDTH="20" VPOS="1675" HPOS="401"/>
            <String HEIGHT="62" WIDTH="244" VPOS="1675" HPOS="340" CONTENT="Matthieu" ID="tl_33_4" STYLEREFS="FONT0"/>
            <SP HEIGHT="62" WIDTH="20" VPOS="1675" HPOS="584"/>
            <String HEIGHT="62" WIDTH="122" VPOS="1675" HPOS="523" CONTENT="de" ID="tl_33_5" STYLEREFS="FONT0"/>
            <SP HEIGHT="62" WIDTH="20" VPOS="1675" HPOS="645"/>
            <String HEIGHT="62" WIDTH="326" VPOS="1675" HPOS="584" CONTENT="Montmorency." ID="tl_33_6" STYLEREFS="FONT0"/>
            <SP HEIGHT="62" WIDTH="20" VPOS="1675" HPOS="910"/>
            <String HEIGHT="62" WIDTH="122" VPOS="1675" HPOS="849" CONTENT="22" ID="tl_33_7" STYLEREFS="FONT0"/>
            <SP HEIGHT="62" WIDTH="20" VPOS="1675" HPOS="971"/>
            <String HEIGHT="62" WIDTH="224" VPOS="1675" HPOS="910" CONTENT="octobre" ID="tl_33_8" STYLEREFS="FONT0"/>
            <SP HEIGHT="62" WIDTH="20" VPOS="1675" HPOS="1134"/>
            <String HEIGHT="62" WIDTH="183" VPOS="1675" HPOS="1073" CONTENT="1819." ID="tl_33_9" STYLEREFS="FONT0"/>
            <SP HEIGHT="62" WIDTH="20" VPOS="1675" HPOS="1257"/>
            <String HEIGHT="62" WIDTH="102" VPOS="1675" HPOS="1195" CONTENT="1" ID="tl_33_10" STYLEREFS="FONT0"/>
            <SP HEIGHT="62" WIDTH="20" VPOS="1675" HPOS="1297"/>
            <String HEIGHT="62" WIDTH="122" VPOS="1675" HPOS="1236" CONTENT="p." ID="tl_33_11" STYLEREFS="FONT0"/>
            <SP HEIGHT="62" WIDTH="20" VPOS="1675" HPOS="1358"/>
            <String HEIGHT="62" WIDTH="183" VPOS="1675" HPOS="1297" CONTENT="in-4." ID="tl_33_12" STYLEREFS="FONT0"/>
            <SP HEIGHT="62" WIDTH="20" VPOS="1675" HPOS="1481"/>
            <String HEIGHT="62" WIDTH="102" VPOS="1675" HPOS="1420" CONTENT="2" ID="tl_33_13" STYLEREFS="FONT0"/>
            <SP HEIGHT="62" WIDTH="20" VPOS="1675" HPOS="1521"/>
            <String HEIGHT="62" WIDTH="61" VPOS="1675" HPOS="1440" CONTENT="»" ID="tl_33_14" STYLEREFS="FONT0"/>
          </TextLine>
        </TextBlock>
        <TextBlock ID="r_2_18" HEIGHT="48" WIDTH="1395" VPOS="1738" HPOS="96">
          <TextLine ID="tl_34" BASELINE="1798" HEIGHT="67" WIDTH="1410" VPOS="1731" HPOS="88">
            <String HEIGHT="67" WIDTH="167" VPOS="1731" HPOS="69" CONTENT="1698." ID="tl_34_1" STYLEREFS="FONT0"/>
            <SP HEIGHT="67" WIDTH="19" VPOS="1731" HPOS="236"/>
            <String HEIGHT="67" WIDTH="353" VPOS="1731" HPOS="181" CONTENT="Richard" ID="tl_34_2" STYLEREFS="FONT1"/>
            <SP HEIGHT="67" WIDTH="19" VPOS="1731" HPOS="533"/>
            <String HEIGHT="67" WIDTH="186" VPOS="1731" HPOS="478" CONTENT="député" ID="tl_34_3" STYLEREFS="FONT0"/>
            <SP HEIGHT="67" WIDTH="19" VPOS="1731" HPOS="663"/>
            <String HEIGHT="67" WIDTH="111" VPOS="1731" HPOS="607" CONTENT="de" ID="tl_34_4" STYLEREFS="FONT0"/>
            <SP HEIGHT="67" WIDTH="19" VPOS="1731" HPOS="719"/>
            <String HEIGHT="67" WIDTH="111" VPOS="1731" HPOS="663" CONTENT="la" ID="tl_34_5" STYLEREFS="FONT0"/>
            <SP HEIGHT="67" WIDTH="19" VPOS="1731" HPOS="774"/>
            <String HEIGHT="67" WIDTH="315" VPOS="1731" HPOS="719" CONTENT="Sarthe" ID="tl_34_6" STYLEREFS="FONT2"/>
            <SP HEIGHT="67" WIDTH="19" VPOS="1731" HPOS="1034"/>
            <String HEIGHT="67" WIDTH="93" VPOS="1731" HPOS="979" CONTENT="à" ID="tl_34_7" STYLEREFS="FONT0"/>
            <SP HEIGHT="67" WIDTH="19" VPOS="1731" HPOS="1071"/>
            <String HEIGHT="67" WIDTH="111" VPOS="1731" HPOS="1016" CONTENT="la" ID="tl_34_8" STYLEREFS="FONT0"/>
            <SP HEIGHT="67" WIDTH="19" VPOS="1731" HPOS="1127"/>
            <String HEIGHT="67" WIDTH="278" VPOS="1731" HPOS="1071" CONTENT="Convention." ID="tl_34_9" STYLEREFS="FONT0"/>
            <SP HEIGHT="67" WIDTH="19" VPOS="1731" HPOS="1350"/>
            <String HEIGHT="67" WIDTH="167" VPOS="1731" HPOS="1294" CONTENT="Ordre" ID="tl_34_10" STYLEREFS="FONT0"/>
            <SP HEIGHT="67" WIDTH="19" VPOS="1731" HPOS="1461"/>
            <String HEIGHT="67" WIDTH="111" VPOS="1731" HPOS="1387" CONTENT="aut," ID="tl_34_11" STYLEREFS="FONT0"/>
          </TextLine>
        </TextBlock>
        <TextBlock ID="r_2_19" HEIGHT="134" WIDTH="1352" VPOS="1787" HPOS="142">
          <TextLine ID="tl_35" BASELINE="1830" HEIGHT="50" WIDTH="1367" VPOS="1780" HPOS="135">
            <String HEIGHT="50" WIDTH="179" VPOS="1780" HPOS="113" CONTENT="sig." ID="tl_35_1" STYLEREFS="FONT0"/>
            <SP HEIGHT="50" WIDTH="22" VPOS="1780" HPOS="292"/>
            <String HEIGHT="50" WIDTH="202" VPOS="1780" HPOS="225" CONTENT="comme" ID="tl_35_2" STYLEREFS="FONT0"/>
            <SP HEIGHT="50" WIDTH="22" VPOS="1780" HPOS="426"/>
            <String HEIGHT="50" WIDTH="359" VPOS="1780" HPOS="359" CONTENT="représentant" ID="tl_35_3" STYLEREFS="FONT0"/>
            <SP HEIGHT="50" WIDTH="22" VPOS="1780" HPOS="718"/>
            <String HEIGHT="50" WIDTH="134" VPOS="1780" HPOS="650" CONTENT="du" ID="tl_35_4" STYLEREFS="FONT0"/>
            <SP HEIGHT="50" WIDTH="22" VPOS="1780" HPOS="785"/>
            <String HEIGHT="50" WIDTH="224" VPOS="1780" HPOS="718" CONTENT="peuple" ID="tl_35_5" STYLEREFS="FONT0"/>
            <SP HEIGHT="50" WIDTH="22" VPOS="1780" HPOS="942"/>
            <String HEIGHT="50" WIDTH="112" VPOS="1780" HPOS="875" CONTENT="à" ID="tl_35_6" STYLEREFS="FONT0"/>
            <SP HEIGHT="50" WIDTH="22" VPOS="1780" HPOS="987"/>
            <String HEIGHT="50" WIDTH="247" VPOS="1780" HPOS="919" CONTENT="l’armée" ID="tl_35_7" STYLEREFS="FONT0"/>
            <SP HEIGHT="50" WIDTH="22" VPOS="1780" HPOS="1166"/>
            <String HEIGHT="50" WIDTH="134" VPOS="1780" HPOS="1099" CONTENT="du" ID="tl_35_8" STYLEREFS="FONT0"/>
            <SP HEIGHT="50" WIDTH="22" VPOS="1780" HPOS="1233"/>
            <String HEIGHT="50" WIDTH="202" VPOS="1780" HPOS="1166" CONTENT="Nord." ID="tl_35_9" STYLEREFS="FONT0"/>
            <SP HEIGHT="50" WIDTH="22" VPOS="1780" HPOS="1368"/>
            <String HEIGHT="50" WIDTH="224" VPOS="1780" HPOS="1278" CONTENT="Quartier" ID="tl_35_10" STYLEREFS="FONT0"/>
          </TextLine>
          <TextLine ID="tl_36" BASELINE="1910" HEIGHT="77" WIDTH="1365" VPOS="1833" HPOS="133">
            <String HEIGHT="77" WIDTH="224" VPOS="1833" HPOS="113" CONTENT="général" ID="tl_36_1" STYLEREFS="FONT0"/>
            <SP HEIGHT="77" WIDTH="20" VPOS="1833" HPOS="337"/>
            <String HEIGHT="77" WIDTH="122" VPOS="1833" HPOS="276" CONTENT="de" ID="tl_36_2" STYLEREFS="FONT0"/>
            <SP HEIGHT="77" WIDTH="20" VPOS="1833" HPOS="398"/>
            <String HEIGHT="77" WIDTH="244" VPOS="1833" HPOS="337" CONTENT="Gorenne," ID="tl_36_3" STYLEREFS="FONT0"/>
            <SP HEIGHT="77" WIDTH="20" VPOS="1833" HPOS="581"/>
            <String HEIGHT="77" WIDTH="122" VPOS="1833" HPOS="520" CONTENT="11" ID="tl_36_4" STYLEREFS="FONT0"/>
            <SP HEIGHT="77" WIDTH="20" VPOS="1833" HPOS="642"/>
            <String HEIGHT="77" WIDTH="244" VPOS="1833" HPOS="581" CONTENT="messidor" ID="tl_36_5" STYLEREFS="FONT0"/>
            <SP HEIGHT="77" WIDTH="20" VPOS="1833" HPOS="826"/>
            <String HEIGHT="77" WIDTH="122" VPOS="1833" HPOS="765" CONTENT="an" ID="tl_36_6" STYLEREFS="FONT0"/>
            <SP HEIGHT="77" WIDTH="20" VPOS="1833" HPOS="887"/>
            <String HEIGHT="77" WIDTH="163" VPOS="1833" HPOS="826" CONTENT="III." ID="tl_36_7" STYLEREFS="FONT0"/>
            <SP HEIGHT="77" WIDTH="20" VPOS="1833" HPOS="989"/>
            <String HEIGHT="77" WIDTH="102" VPOS="1833" HPOS="928" CONTENT="1" ID="tl_36_8" STYLEREFS="FONT0"/>
            <SP HEIGHT="77" WIDTH="20" VPOS="1833" HPOS="1029"/>
            <String HEIGHT="77" WIDTH="122" VPOS="1833" HPOS="968" CONTENT="p." ID="tl_36_9" STYLEREFS="FONT0"/>
            <SP HEIGHT="77" WIDTH="20" VPOS="1833" HPOS="1091"/>
            <String HEIGHT="77" WIDTH="224" VPOS="1833" HPOS="1029" CONTENT="in-fol." ID="tl_36_10" STYLEREFS="FONT0"/>
            <SP HEIGHT="77" WIDTH="20" VPOS="1833" HPOS="1254"/>
            <String HEIGHT="77" WIDTH="163" VPOS="1833" HPOS="1192" CONTENT="Tête" ID="tl_36_11" STYLEREFS="FONT0"/>
            <SP HEIGHT="77" WIDTH="20" VPOS="1833" HPOS="1355"/>
            <String HEIGHT="77" WIDTH="224" VPOS="1833" HPOS="1274" CONTENT="imprimée." ID="tl_36_12" STYLEREFS="FONT0"/>
          </TextLine>
          <TextLine ID="tl_37" BASELINE="1934" HEIGHT="59" WIDTH="1359" VPOS="1875" HPOS="138">
            <String HEIGHT="59" WIDTH="1359" VPOS="1875" HPOS="14" CONTENT="Cachet." ID="tl_37_1" STYLEREFS="FONT0"/>
            <SP HEIGHT="59" WIDTH="124" VPOS="1875" HPOS="1373"/>
            <String HEIGHT="59" WIDTH="618" VPOS="1875" HPOS="1003" CONTENT="3" ID="tl_37_2" STYLEREFS="FONT0"/>
            <SP HEIGHT="59" WIDTH="124" VPOS="1875" HPOS="1621"/>
            <String HEIGHT="59" WIDTH="371" VPOS="1875" HPOS="1126" CONTENT="5" ID="tl_37_3" STYLEREFS="FONT0"/>
          </TextLine>
        </TextBlock>
        <TextBlock ID="r_2_20" HEIGHT="53" WIDTH="1396" VPOS="1929" HPOS="95">
          <TextLine ID="tl_38" BASELINE="1989" HEIGHT="79" WIDTH="1412" VPOS="1910" HPOS="87">
            <String HEIGHT="79" WIDTH="157" VPOS="1910" HPOS="70" CONTENT="1699." ID="tl_38_1" STYLEREFS="FONT0"/>
            <SP HEIGHT="79" WIDTH="17" VPOS="1910" HPOS="226"/>
            <String HEIGHT="79" WIDTH="314" VPOS="1910" HPOS="174" CONTENT="Richou," ID="tl_38_2" STYLEREFS="FONT1"/>
            <SP HEIGHT="79" WIDTH="17" VPOS="1910" HPOS="488"/>
            <String HEIGHT="79" WIDTH="174" VPOS="1910" HPOS="436" CONTENT="député" ID="tl_38_3" STYLEREFS="FONT0"/>
            <SP HEIGHT="79" WIDTH="17" VPOS="1910" HPOS="610"/>
            <String HEIGHT="79" WIDTH="105" VPOS="1910" HPOS="558" CONTENT="de" ID="tl_38_4" STYLEREFS="FONT0"/>
            <SP HEIGHT="79" WIDTH="17" VPOS="1910" HPOS="662"/>
            <String HEIGHT="79" WIDTH="296" VPOS="1910" HPOS="610" CONTENT="l'Eure" ID="tl_38_5" STYLEREFS="FONT2"/>
            <SP HEIGHT="79" WIDTH="17" VPOS="1910" HPOS="906"/>
            <String HEIGHT="79" WIDTH="87" VPOS="1910" HPOS="854" CONTENT="à" ID="tl_38_6" STYLEREFS="FONT0"/>
            <SP HEIGHT="79" WIDTH="17" VPOS="1910" HPOS="941"/>
            <String HEIGHT="79" WIDTH="105" VPOS="1910" HPOS="889" CONTENT="la" ID="tl_38_7" STYLEREFS="FONT0"/>
            <SP HEIGHT="79" WIDTH="17" VPOS="1910" HPOS="993"/>
            <String HEIGHT="79" WIDTH="261" VPOS="1910" HPOS="941" CONTENT="Convention." ID="tl_38_8" STYLEREFS="FONT0"/>
            <SP HEIGHT="79" WIDTH="17" VPOS="1910" HPOS="1203"/>
            <String HEIGHT="79" WIDTH="105" VPOS="1910" HPOS="1150" CONTENT="L." ID="tl_38_9" STYLEREFS="FONT0"/>
            <SP HEIGHT="79" WIDTH="17" VPOS="1910" HPOS="1255"/>
            <String HEIGHT="79" WIDTH="139" VPOS="1910" HPOS="1203" CONTENT="aut." ID="tl_38_10" STYLEREFS="FONT0"/>
            <SP HEIGHT="79" WIDTH="17" VPOS="1910" HPOS="1342"/>
            <String HEIGHT="79" WIDTH="139" VPOS="1910" HPOS="1290" CONTENT="sig." ID="tl_38_11" STYLEREFS="FONT0"/>
            <SP HEIGHT="79" WIDTH="17" VPOS="1910" HPOS="1429"/>
            <String HEIGHT="79" WIDTH="139" VPOS="1910" HPOS="1360" CONTENT="Paris," ID="tl_38_12" STYLEREFS="FONT0"/>
          </TextLine>
        </TextBlock>
        <TextBlock ID="r_2_21" HEIGHT="49" WIDTH="1351" VPOS="1976" HPOS="141">
          <TextLine ID="tl_39" BASELINE="2023" HEIGHT="49" WIDTH="1366" VPOS="1974" HPOS="133">
            <String HEIGHT="49" WIDTH="213" VPOS="1974" HPOS="90" CONTENT="2" ID="tl_39_1" STYLEREFS="FONT0"/>
            <SP HEIGHT="49" WIDTH="43" VPOS="1974" HPOS="304"/>
            <String HEIGHT="49" WIDTH="512" VPOS="1974" HPOS="176" CONTENT="décembre" ID="tl_39_2" STYLEREFS="FONT0"/>
            <SP HEIGHT="49" WIDTH="43" VPOS="1974" HPOS="688"/>
            <String HEIGHT="49" WIDTH="384" VPOS="1974" HPOS="560" CONTENT="1792." ID="tl_39_3" STYLEREFS="FONT0"/>
            <SP HEIGHT="49" WIDTH="43" VPOS="1974" HPOS="944"/>
            <String HEIGHT="49" WIDTH="213" VPOS="1974" HPOS="816" CONTENT="2" ID="tl_39_4" STYLEREFS="FONT0"/>
            <SP HEIGHT="49" WIDTH="43" VPOS="1974" HPOS="1029"/>
            <String HEIGHT="49" WIDTH="256" VPOS="1974" HPOS="901" CONTENT="p." ID="tl_39_5" STYLEREFS="FONT0"/>
            <SP HEIGHT="49" WIDTH="43" VPOS="1974" HPOS="1158"/>
            <String HEIGHT="49" WIDTH="384" VPOS="1974" HPOS="1029" CONTENT="in-4." ID="tl_39_6" STYLEREFS="FONT0"/>
            <SP HEIGHT="49" WIDTH="43" VPOS="1974" HPOS="1414"/>
            <String HEIGHT="49" WIDTH="213" VPOS="1974" HPOS="1286" CONTENT="2" ID="tl_39_7" STYLEREFS="FONT0"/>
            <SP HEIGHT="49" WIDTH="43" VPOS="1974" HPOS="1499"/>
            <String HEIGHT="49" WIDTH="171" VPOS="1974" HPOS="1328" CONTENT="50" ID="tl_39_8" STYLEREFS="FONT0"/>
          </TextLine>
        </TextBlock>
        <TextBlock ID="r_2_22" HEIGHT="52" WIDTH="1396" VPOS="2025" HPOS="94">
          <TextLine ID="tl_40" BASELINE="2090" HEIGHT="90" WIDTH="1413" VPOS="2000" HPOS="85">
            <String HEIGHT="90" WIDTH="167" VPOS="2000" HPOS="66" CONTENT="1700." ID="tl_40_1" STYLEREFS="FONT0"/>
            <SP HEIGHT="90" WIDTH="19" VPOS="2000" HPOS="234"/>
            <String HEIGHT="90" WIDTH="316" VPOS="2000" HPOS="178" CONTENT="Robert" ID="tl_40_2" STYLEREFS="FONT1"/>
            <SP HEIGHT="90" WIDTH="19" VPOS="2000" HPOS="494"/>
            <String HEIGHT="90" WIDTH="149" VPOS="2000" HPOS="438" CONTENT="(Mme" ID="tl_40_3" STYLEREFS="FONT0"/>
            <SP HEIGHT="90" WIDTH="19" VPOS="2000" HPOS="587"/>
            <String HEIGHT="90" WIDTH="260" VPOS="2000" HPOS="531" CONTENT="Clémence)," ID="tl_40_4" STYLEREFS="FONT0"/>
            <SP HEIGHT="90" WIDTH="19" VPOS="2000" HPOS="792"/>
            <String HEIGHT="90" WIDTH="279" VPOS="2000" HPOS="736" CONTENT="romancière." ID="tl_40_5" STYLEREFS="FONT0"/>
            <SP HEIGHT="90" WIDTH="19" VPOS="2000" HPOS="1015"/>
            <String HEIGHT="90" WIDTH="112" VPOS="2000" HPOS="959" CONTENT="L." ID="tl_40_6" STYLEREFS="FONT0"/>
            <SP HEIGHT="90" WIDTH="19" VPOS="2000" HPOS="1070"/>
            <String HEIGHT="90" WIDTH="149" VPOS="2000" HPOS="1015" CONTENT="aut." ID="tl_40_7" STYLEREFS="FONT0"/>
            <SP HEIGHT="90" WIDTH="19" VPOS="2000" HPOS="1163"/>
            <String HEIGHT="90" WIDTH="149" VPOS="2000" HPOS="1108" CONTENT="sig." ID="tl_40_8" STYLEREFS="FONT0"/>
            <SP HEIGHT="90" WIDTH="19" VPOS="2000" HPOS="1256"/>
            <String HEIGHT="90" WIDTH="316" VPOS="2000" HPOS="1182" CONTENT="Cléménéé," ID="tl_40_9" STYLEREFS="FONT2"/>
          </TextLine>
        </TextBlock>
        <TextBlock ID="r_2_23" HEIGHT="52" WIDTH="1349" VPOS="2072" HPOS="141">
          <TextLine ID="tl_41" BASELINE="2119" HEIGHT="53" WIDTH="1363" VPOS="2066" HPOS="134">
            <String HEIGHT="53" WIDTH="112" VPOS="2066" HPOS="112" CONTENT="à" ID="tl_41_1" STYLEREFS="FONT0"/>
            <SP HEIGHT="53" WIDTH="22" VPOS="2066" HPOS="223"/>
            <String HEIGHT="53" WIDTH="156" VPOS="2066" HPOS="156" CONTENT="Mme" ID="tl_41_2" STYLEREFS="FONT0"/>
            <SP HEIGHT="53" WIDTH="22" VPOS="2066" HPOS="313"/>
            <String HEIGHT="53" WIDTH="246" VPOS="2066" HPOS="246" CONTENT="Eugénie" ID="tl_41_3" STYLEREFS="FONT0"/>
            <SP HEIGHT="53" WIDTH="22" VPOS="2066" HPOS="492"/>
            <String HEIGHT="53" WIDTH="268" VPOS="2066" HPOS="424" CONTENT="Niboyet." ID="tl_41_4" STYLEREFS="FONT0"/>
            <SP HEIGHT="53" WIDTH="22" VPOS="2066" HPOS="693"/>
            <String HEIGHT="53" WIDTH="223" VPOS="2066" HPOS="626" CONTENT="Paris," ID="tl_41_5" STYLEREFS="FONT0"/>
            <SP HEIGHT="53" WIDTH="22" VPOS="2066" HPOS="849"/>
            <String HEIGHT="53" WIDTH="134" VPOS="2066" HPOS="782" CONTENT="29" ID="tl_41_6" STYLEREFS="FONT0"/>
            <SP HEIGHT="53" WIDTH="22" VPOS="2066" HPOS="916"/>
            <String HEIGHT="53" WIDTH="246" VPOS="2066" HPOS="849" CONTENT="octobre" ID="tl_41_7" STYLEREFS="FONT0"/>
            <SP HEIGHT="53" WIDTH="22" VPOS="2066" HPOS="1095"/>
            <String HEIGHT="53" WIDTH="201" VPOS="2066" HPOS="1028" CONTENT="1833." ID="tl_41_8" STYLEREFS="FONT0"/>
            <SP HEIGHT="53" WIDTH="22" VPOS="2066" HPOS="1229"/>
            <String HEIGHT="53" WIDTH="112" VPOS="2066" HPOS="1162" CONTENT="2" ID="tl_41_9" STYLEREFS="FONT0"/>
            <SP HEIGHT="53" WIDTH="22" VPOS="2066" HPOS="1274"/>
            <String HEIGHT="53" WIDTH="134" VPOS="2066" HPOS="1207" CONTENT="p." ID="tl_41_10" STYLEREFS="FONT0"/>
            <SP HEIGHT="53" WIDTH="22" VPOS="2066" HPOS="1341"/>
            <String HEIGHT="53" WIDTH="201" VPOS="2066" HPOS="1274" CONTENT="in-4." ID="tl_41_11" STYLEREFS="FONT0"/>
            <SP HEIGHT="53" WIDTH="22" VPOS="2066" HPOS="1475"/>
            <String HEIGHT="53" WIDTH="112" VPOS="2066" HPOS="1408" CONTENT="2" ID="tl_41_12" STYLEREFS="FONT0"/>
            <SP HEIGHT="53" WIDTH="22" VPOS="2066" HPOS="1519"/>
            <String HEIGHT="53" WIDTH="67" VPOS="2066" HPOS="1430" CONTENT="»" ID="tl_41_13" STYLEREFS="FONT0"/>
          </TextLine>
        </TextBlock>
        <TextBlock ID="r_2_24" HEIGHT="51" WIDTH="1396" VPOS="2120" HPOS="96">
          <TextLine ID="tl_42" BASELINE="2184" HEIGHT="76" WIDTH="1412" VPOS="2108" HPOS="88">
            <String HEIGHT="76" WIDTH="174" VPOS="2108" HPOS="69" CONTENT="1701." ID="tl_42_1" STYLEREFS="FONT0"/>
            <SP HEIGHT="76" WIDTH="19" VPOS="2108" HPOS="243"/>
            <String HEIGHT="76" WIDTH="329" VPOS="2108" HPOS="185" CONTENT="Roland" ID="tl_42_2" STYLEREFS="FONT1"/>
            <SP HEIGHT="76" WIDTH="19" VPOS="2108" HPOS="514"/>
            <String HEIGHT="76" WIDTH="213" VPOS="2108" HPOS="456" CONTENT="(Jeanne" ID="tl_42_3" STYLEREFS="FONT0"/>
            <SP HEIGHT="76" WIDTH="19" VPOS="2108" HPOS="668"/>
            <String HEIGHT="76" WIDTH="387" VPOS="2108" HPOS="610" CONTENT="Phlipon)," ID="tl_42_4" STYLEREFS="FONT2"/>
            <SP HEIGHT="76" WIDTH="19" VPOS="2108" HPOS="997"/>
            <String HEIGHT="76" WIDTH="174" VPOS="2108" HPOS="939" CONTENT="femme" ID="tl_42_5" STYLEREFS="FONT0"/>
            <SP HEIGHT="76" WIDTH="19" VPOS="2108" HPOS="1113"/>
            <String HEIGHT="76" WIDTH="116" VPOS="2108" HPOS="1055" CONTENT="du" ID="tl_42_6" STYLEREFS="FONT0"/>
            <SP HEIGHT="76" WIDTH="19" VPOS="2108" HPOS="1171"/>
            <String HEIGHT="76" WIDTH="232" VPOS="2108" HPOS="1113" CONTENT="ministre" ID="tl_42_7" STYLEREFS="FONT0"/>
            <SP HEIGHT="76" WIDTH="19" VPOS="2108" HPOS="1345"/>
            <String HEIGHT="76" WIDTH="116" VPOS="2108" HPOS="1287" CONTENT="de" ID="tl_42_8" STYLEREFS="FONT0"/>
            <SP HEIGHT="76" WIDTH="19" VPOS="2108" HPOS="1403"/>
            <String HEIGHT="76" WIDTH="174" VPOS="2108" HPOS="1326" CONTENT="l’intés" ID="tl_42_9" STYLEREFS="FONT0"/>
          </TextLine>
        </TextBlock>
        <TextBlock ID="r_2_25" HEIGHT="194" WIDTH="1352" VPOS="2168" HPOS="139">
          <TextLine ID="tl_43" BASELINE="2231" HEIGHT="69" WIDTH="1365" VPOS="2162" HPOS="134">
            <String HEIGHT="69" WIDTH="198" VPOS="2162" HPOS="112" CONTENT="rieur" ID="tl_43_1" STYLEREFS="FONT0"/>
            <SP HEIGHT="69" WIDTH="22" VPOS="2162" HPOS="310"/>
            <String HEIGHT="69" WIDTH="132" VPOS="2162" HPOS="244" CONTENT="de" ID="tl_43_2" STYLEREFS="FONT0"/>
            <SP HEIGHT="69" WIDTH="22" VPOS="2162" HPOS="376"/>
            <String HEIGHT="69" WIDTH="198" VPOS="2162" HPOS="310" CONTENT="Louis" ID="tl_43_3" STYLEREFS="FONT0"/>
            <SP HEIGHT="69" WIDTH="22" VPOS="2162" HPOS="508"/>
            <String HEIGHT="69" WIDTH="176" VPOS="2162" HPOS="442" CONTENT="XIV." ID="tl_43_4" STYLEREFS="FONT0"/>
            <SP HEIGHT="69" WIDTH="22" VPOS="2162" HPOS="618"/>
            <String HEIGHT="69" WIDTH="220" VPOS="2162" HPOS="552" CONTENT="Lettre" ID="tl_43_5" STYLEREFS="FONT0"/>
            <SP HEIGHT="69" WIDTH="22" VPOS="2162" HPOS="772"/>
            <String HEIGHT="69" WIDTH="330" VPOS="2162" HPOS="706" CONTENT="entièrement" ID="tl_43_6" STYLEREFS="FONT0"/>
            <SP HEIGHT="69" WIDTH="22" VPOS="2162" HPOS="1037"/>
            <String HEIGHT="69" WIDTH="220" VPOS="2162" HPOS="971" CONTENT="écrite" ID="tl_43_7" STYLEREFS="FONT0"/>
            <SP HEIGHT="69" WIDTH="22" VPOS="2162" HPOS="1191"/>
            <String HEIGHT="69" WIDTH="154" VPOS="2162" HPOS="1125" CONTENT="par" ID="tl_43_8" STYLEREFS="FONT0"/>
            <SP HEIGHT="69" WIDTH="22" VPOS="2162" HPOS="1279"/>
            <String HEIGHT="69" WIDTH="176" VPOS="2162" HPOS="1213" CONTENT="elle" ID="tl_43_9" STYLEREFS="FONT0"/>
            <SP HEIGHT="69" WIDTH="22" VPOS="2162" HPOS="1389"/>
            <String HEIGHT="69" WIDTH="132" VPOS="2162" HPOS="1323" CONTENT="et" ID="tl_43_10" STYLEREFS="FONT0"/>
            <SP HEIGHT="69" WIDTH="22" VPOS="2162" HPOS="1455"/>
            <String HEIGHT="69" WIDTH="132" VPOS="2162" HPOS="1367" CONTENT="sis" SUBS_TYPE="HypPart1" SUBS_CONTENT="sisgnée" ID="tl_43_11" STYLEREFS="FONT0"/>
            <HYP CONTENT="-"/>
          </TextLine>
          <TextLine ID="tl_44" BASELINE="2278" HEIGHT="61" WIDTH="1363" VPOS="2217" HPOS="134">
            <String HEIGHT="61" WIDTH="176" VPOS="2217" HPOS="112" CONTENT="gnée" SUBS_TYPE="HypPart2" SUBS_CONTENT="sisgnée" ID="tl_44_1" STYLEREFS="FONT0"/>
            <SP HEIGHT="61" WIDTH="22" VPOS="2217" HPOS="288"/>
            <String HEIGHT="61" WIDTH="154" VPOS="2217" HPOS="222" CONTENT="par" ID="tl_44_2" STYLEREFS="FONT0"/>
            <SP HEIGHT="61" WIDTH="22" VPOS="2217" HPOS="376"/>
            <String HEIGHT="61" WIDTH="154" VPOS="2217" HPOS="310" CONTENT="son" ID="tl_44_3" STYLEREFS="FONT0"/>
            <SP HEIGHT="61" WIDTH="22" VPOS="2217" HPOS="464"/>
            <String HEIGHT="61" WIDTH="198" VPOS="2217" HPOS="398" CONTENT="mari," ID="tl_44_4" STYLEREFS="FONT0"/>
            <SP HEIGHT="61" WIDTH="22" VPOS="2217" HPOS="596"/>
            <String HEIGHT="61" WIDTH="264" VPOS="2217" HPOS="530" CONTENT="adressée" ID="tl_44_5" STYLEREFS="FONT0"/>
            <SP HEIGHT="61" WIDTH="22" VPOS="2217" HPOS="794"/>
            <String HEIGHT="61" WIDTH="154" VPOS="2217" HPOS="728" CONTENT="aux" ID="tl_44_6" STYLEREFS="FONT0"/>
            <SP HEIGHT="61" WIDTH="22" VPOS="2217" HPOS="881"/>
            <String HEIGHT="61" WIDTH="220" VPOS="2217" HPOS="816" CONTENT="maire," ID="tl_44_7" STYLEREFS="FONT0"/>
            <SP HEIGHT="61" WIDTH="22" VPOS="2217" HPOS="1035"/>
            <String HEIGHT="61" WIDTH="286" VPOS="2217" HPOS="969" CONTENT="officiers" ID="tl_44_8" STYLEREFS="FONT0"/>
            <SP HEIGHT="61" WIDTH="22" VPOS="2217" HPOS="1255"/>
            <String HEIGHT="61" WIDTH="308" VPOS="2217" HPOS="1189" CONTENT="municipaux" ID="tl_44_9" STYLEREFS="FONT0"/>
            <SP HEIGHT="61" WIDTH="22" VPOS="2217" HPOS="1497"/>
            <String HEIGHT="61" WIDTH="88" VPOS="2217" HPOS="1409" CONTENT="et" ID="tl_44_10" STYLEREFS="FONT0"/>
          </TextLine>
          <TextLine ID="tl_45" BASELINE="2306" HEIGHT="51" WIDTH="1363" VPOS="2255" HPOS="132">
            <String HEIGHT="51" WIDTH="273" VPOS="2255" HPOS="109" CONTENT="notables" ID="tl_45_1" STYLEREFS="FONT0"/>
            <SP HEIGHT="51" WIDTH="23" VPOS="2255" HPOS="382"/>
            <String HEIGHT="51" WIDTH="295" VPOS="2255" HPOS="314" CONTENT="composant" ID="tl_45_2" STYLEREFS="FONT0"/>
            <SP HEIGHT="51" WIDTH="23" VPOS="2255" HPOS="609"/>
            <String HEIGHT="51" WIDTH="136" VPOS="2255" HPOS="541" CONTENT="le" ID="tl_45_3" STYLEREFS="FONT0"/>
            <SP HEIGHT="51" WIDTH="23" VPOS="2255" HPOS="677"/>
            <String HEIGHT="51" WIDTH="250" VPOS="2255" HPOS="609" CONTENT="conseil" ID="tl_45_4" STYLEREFS="FONT0"/>
            <SP HEIGHT="51" WIDTH="23" VPOS="2255" HPOS="859"/>
            <String HEIGHT="51" WIDTH="250" VPOS="2255" HPOS="791" CONTENT="général" ID="tl_45_5" STYLEREFS="FONT0"/>
            <SP HEIGHT="51" WIDTH="23" VPOS="2255" HPOS="1041"/>
            <String HEIGHT="51" WIDTH="136" VPOS="2255" HPOS="973" CONTENT="de" ID="tl_45_6" STYLEREFS="FONT0"/>
            <SP HEIGHT="51" WIDTH="23" VPOS="2255" HPOS="1109"/>
            <String HEIGHT="51" WIDTH="136" VPOS="2255" HPOS="1041" CONTENT="la" ID="tl_45_7" STYLEREFS="FONT0"/>
            <SP HEIGHT="51" WIDTH="23" VPOS="2255" HPOS="1177"/>
            <String HEIGHT="51" WIDTH="250" VPOS="2255" HPOS="1109" CONTENT="commune" ID="tl_45_8" STYLEREFS="FONT0"/>
            <SP HEIGHT="51" WIDTH="23" VPOS="2255" HPOS="1359"/>
            <String HEIGHT="51" WIDTH="136" VPOS="2255" HPOS="1291" CONTENT="de" ID="tl_45_9" STYLEREFS="FONT0"/>
            <SP HEIGHT="51" WIDTH="23" VPOS="2255" HPOS="1427"/>
            <String HEIGHT="51" WIDTH="159" VPOS="2255" HPOS="1336" CONTENT="Lyon." ID="tl_45_10" STYLEREFS="FONT0"/>
          </TextLine>
          <TextLine ID="tl_46" BASELINE="2368" HEIGHT="65" WIDTH="1363" VPOS="2303" HPOS="132">
            <String HEIGHT="65" WIDTH="296" VPOS="2303" HPOS="102" CONTENT="Paris," ID="tl_46_1" STYLEREFS="FONT0"/>
            <SP HEIGHT="65" WIDTH="30" VPOS="2303" HPOS="399"/>
            <String HEIGHT="65" WIDTH="178" VPOS="2303" HPOS="310" CONTENT="29" ID="tl_46_2" STYLEREFS="FONT0"/>
            <SP HEIGHT="65" WIDTH="30" VPOS="2303" HPOS="488"/>
            <String HEIGHT="65" WIDTH="237" VPOS="2303" HPOS="399" CONTENT="août" ID="tl_46_3" STYLEREFS="FONT0"/>
            <SP HEIGHT="65" WIDTH="30" VPOS="2303" HPOS="636"/>
            <String HEIGHT="65" WIDTH="267" VPOS="2303" HPOS="547" CONTENT="1791." ID="tl_46_4" STYLEREFS="FONT0"/>
            <SP HEIGHT="65" WIDTH="30" VPOS="2303" HPOS="813"/>
            <String HEIGHT="65" WIDTH="148" VPOS="2303" HPOS="725" CONTENT="6" ID="tl_46_5" STYLEREFS="FONT0"/>
            <SP HEIGHT="65" WIDTH="30" VPOS="2303" HPOS="873"/>
            <String HEIGHT="65" WIDTH="207" VPOS="2303" HPOS="784" CONTENT="gr." ID="tl_46_6" STYLEREFS="FONT0"/>
            <SP HEIGHT="65" WIDTH="30" VPOS="2303" HPOS="991"/>
            <String HEIGHT="65" WIDTH="178" VPOS="2303" HPOS="902" CONTENT="p." ID="tl_46_7" STYLEREFS="FONT0"/>
            <SP HEIGHT="65" WIDTH="30" VPOS="2303" HPOS="1080"/>
            <String HEIGHT="65" WIDTH="207" VPOS="2303" HPOS="991" CONTENT="pl." ID="tl_46_8" STYLEREFS="FONT0"/>
            <SP HEIGHT="65" WIDTH="30" VPOS="2303" HPOS="1199"/>
            <String HEIGHT="65" WIDTH="326" VPOS="2303" HPOS="1110" CONTENT="in-fol." ID="tl_46_9" STYLEREFS="FONT0"/>
            <SP HEIGHT="65" WIDTH="30" VPOS="2303" HPOS="1436"/>
            <String HEIGHT="65" WIDTH="178" VPOS="2303" HPOS="1347" CONTENT="30" ID="tl_46_10" STYLEREFS="FONT0"/>
            <SP HEIGHT="65" WIDTH="30" VPOS="2303" HPOS="1525"/>
            <String HEIGHT="65" WIDTH="89" VPOS="2303" HPOS="1406" CONTENT="»" ID="tl_46_11" STYLEREFS="FONT0"/>
          </TextLine>
        </TextBlock>
        <TextBlock ID="r_2_26" HEIGHT="147" WIDTH="1353" VPOS="2360" HPOS="137">
          <TextLine ID="tl_47" BASELINE="2423" HEIGHT="71" WIDTH="1321" VPOS="2352" HPOS="177">
            <String HEIGHT="71" WIDTH="213" VPOS="2352" HPOS="156" CONTENT="Chargé" ID="tl_47_1" STYLEREFS="FONT0"/>
            <SP HEIGHT="71" WIDTH="21" VPOS="2352" HPOS="369"/>
            <String HEIGHT="71" WIDTH="149" VPOS="2352" HPOS="305" CONTENT="par" ID="tl_47_2" STYLEREFS="FONT0"/>
            <SP HEIGHT="71" WIDTH="21" VPOS="2352" HPOS="454"/>
            <String HEIGHT="71" WIDTH="149" VPOS="2352" HPOS="390" CONTENT="eux" ID="tl_47_3" STYLEREFS="FONT0"/>
            <SP HEIGHT="71" WIDTH="21" VPOS="2352" HPOS="539"/>
            <String HEIGHT="71" WIDTH="192" VPOS="2352" HPOS="475" CONTENT="d’une" ID="tl_47_4" STYLEREFS="FONT0"/>
            <SP HEIGHT="71" WIDTH="21" VPOS="2352" HPOS="667"/>
            <String HEIGHT="71" WIDTH="234" VPOS="2352" HPOS="603" CONTENT="mission" ID="tl_47_5" STYLEREFS="FONT0"/>
            <SP HEIGHT="71" WIDTH="21" VPOS="2352" HPOS="838"/>
            <String HEIGHT="71" WIDTH="277" VPOS="2352" HPOS="774" CONTENT="honorable" ID="tl_47_6" STYLEREFS="FONT0"/>
            <SP HEIGHT="71" WIDTH="21" VPOS="2352" HPOS="1051"/>
            <String HEIGHT="71" WIDTH="170" VPOS="2352" HPOS="987" CONTENT="dont" ID="tl_47_7" STYLEREFS="FONT0"/>
            <SP HEIGHT="71" WIDTH="21" VPOS="2352" HPOS="1157"/>
            <String HEIGHT="71" WIDTH="128" VPOS="2352" HPOS="1093" CONTENT="le" ID="tl_47_8" STYLEREFS="FONT0"/>
            <SP HEIGHT="71" WIDTH="21" VPOS="2352" HPOS="1221"/>
            <String HEIGHT="71" WIDTH="277" VPOS="2352" HPOS="1157" CONTENT="principal" ID="tl_47_9" STYLEREFS="FONT0"/>
            <SP HEIGHT="71" WIDTH="21" VPOS="2352" HPOS="1434"/>
            <String HEIGHT="71" WIDTH="149" VPOS="2352" HPOS="1349" CONTENT="objet" ID="tl_47_10" STYLEREFS="FONT0"/>
          </TextLine>
          <TextLine ID="tl_48" BASELINE="2456" HEIGHT="56" WIDTH="1363" VPOS="2400" HPOS="131">
            <String HEIGHT="56" WIDTH="138" VPOS="2400" HPOS="111" CONTENT="est" ID="tl_48_1" STYLEREFS="FONT0"/>
            <SP HEIGHT="56" WIDTH="20" VPOS="2400" HPOS="250"/>
            <String HEIGHT="56" WIDTH="217" VPOS="2400" HPOS="190" CONTENT="rempli," ID="tl_48_2" STYLEREFS="FONT0"/>
            <SP HEIGHT="56" WIDTH="20" VPOS="2400" HPOS="408"/>
            <String HEIGHT="56" WIDTH="119" VPOS="2400" HPOS="348" CONTENT="il" ID="tl_48_3" STYLEREFS="FONT0"/>
            <SP HEIGHT="56" WIDTH="20" VPOS="2400" HPOS="467"/>
            <String HEIGHT="56" WIDTH="158" VPOS="2400" HPOS="408" CONTENT="leur" ID="tl_48_4" STYLEREFS="FONT0"/>
            <SP HEIGHT="56" WIDTH="20" VPOS="2400" HPOS="566"/>
            <String HEIGHT="56" WIDTH="158" VPOS="2400" HPOS="506" CONTENT="doit" ID="tl_48_5" STYLEREFS="FONT0"/>
            <SP HEIGHT="56" WIDTH="20" VPOS="2400" HPOS="664"/>
            <String HEIGHT="56" WIDTH="198" VPOS="2400" HPOS="605" CONTENT="compte" ID="tl_48_6" STYLEREFS="FONT0"/>
            <SP HEIGHT="56" WIDTH="20" VPOS="2400" HPOS="803"/>
            <String HEIGHT="56" WIDTH="119" VPOS="2400" HPOS="743" CONTENT="de" ID="tl_48_7" STYLEREFS="FONT0"/>
            <SP HEIGHT="56" WIDTH="20" VPOS="2400" HPOS="862"/>
            <String HEIGHT="56" WIDTH="119" VPOS="2400" HPOS="803" CONTENT="ce" ID="tl_48_8" STYLEREFS="FONT0"/>
            <SP HEIGHT="56" WIDTH="20" VPOS="2400" HPOS="921"/>
            <String HEIGHT="56" WIDTH="178" VPOS="2400" HPOS="862" CONTENT="qu’il" ID="tl_48_9" STYLEREFS="FONT0"/>
            <SP HEIGHT="56" WIDTH="20" VPOS="2400" HPOS="1040"/>
            <String HEIGHT="56" WIDTH="99" VPOS="2400" HPOS="980" CONTENT="a" ID="tl_48_10" STYLEREFS="FONT0"/>
            <SP HEIGHT="56" WIDTH="20" VPOS="2400" HPOS="1079"/>
            <String HEIGHT="56" WIDTH="178" VPOS="2400" HPOS="1020" CONTENT="fait," ID="tl_48_11" STYLEREFS="FONT0"/>
            <SP HEIGHT="56" WIDTH="20" VPOS="2400" HPOS="1198"/>
            <String HEIGHT="56" WIDTH="119" VPOS="2400" HPOS="1138" CONTENT="de" ID="tl_48_12" STYLEREFS="FONT0"/>
            <SP HEIGHT="56" WIDTH="20" VPOS="2400" HPOS="1257"/>
            <String HEIGHT="56" WIDTH="119" VPOS="2400" HPOS="1198" CONTENT="ce" ID="tl_48_13" STYLEREFS="FONT0"/>
            <SP HEIGHT="56" WIDTH="20" VPOS="2400" HPOS="1316"/>
            <String HEIGHT="56" WIDTH="138" VPOS="2400" HPOS="1257" CONTENT="qui" ID="tl_48_14" STYLEREFS="FONT0"/>
            <SP HEIGHT="56" WIDTH="20" VPOS="2400" HPOS="1395"/>
            <String HEIGHT="56" WIDTH="178" VPOS="2400" HPOS="1316" CONTENT="existe," ID="tl_48_15" STYLEREFS="FONT0"/>
          </TextLine>
          <TextLine ID="tl_49" BASELINE="2506" HEIGHT="55" WIDTH="1363" VPOS="2451" HPOS="130">
            <String HEIGHT="55" WIDTH="120" VPOS="2451" HPOS="110" CONTENT="et" ID="tl_49_1" STYLEREFS="FONT0"/>
            <SP HEIGHT="55" WIDTH="20" VPOS="2451" HPOS="230"/>
            <String HEIGHT="55" WIDTH="120" VPOS="2451" HPOS="170" CONTENT="il" ID="tl_49_2" STYLEREFS="FONT0"/>
            <SP HEIGHT="55" WIDTH="20" VPOS="2451" HPOS="290"/>
            <String HEIGHT="55" WIDTH="180" VPOS="2451" HPOS="230" CONTENT="vient" ID="tl_49_3" STYLEREFS="FONT0"/>
            <SP HEIGHT="55" WIDTH="20" VPOS="2451" HPOS="411"/>
            <String HEIGHT="55" WIDTH="301" VPOS="2451" HPOS="350" CONTENT="s’acquitter" ID="tl_49_4" STYLEREFS="FONT0"/>
            <SP HEIGHT="55" WIDTH="20" VPOS="2451" HPOS="651"/>
            <String HEIGHT="55" WIDTH="120" VPOS="2451" HPOS="591" CONTENT="de" ID="tl_49_5" STYLEREFS="FONT0"/>
            <SP HEIGHT="55" WIDTH="20" VPOS="2451" HPOS="711"/>
            <String HEIGHT="55" WIDTH="120" VPOS="2451" HPOS="651" CONTENT="ce" ID="tl_49_6" STYLEREFS="FONT0"/>
            <SP HEIGHT="55" WIDTH="20" VPOS="2451" HPOS="771"/>
            <String HEIGHT="55" WIDTH="220" VPOS="2451" HPOS="711" CONTENT="devoir." ID="tl_49_7" STYLEREFS="FONT0"/>
            <SP HEIGHT="55" WIDTH="20" VPOS="2451" HPOS="932"/>
            <String HEIGHT="55" WIDTH="140" VPOS="2451" HPOS="872" CONTENT="«Il" ID="tl_49_8" STYLEREFS="FONT0"/>
            <SP HEIGHT="55" WIDTH="20" VPOS="2451" HPOS="1012"/>
            <String HEIGHT="55" WIDTH="281" VPOS="2451" HPOS="952" CONTENT="s’agissait" ID="tl_49_9" STYLEREFS="FONT0"/>
            <SP HEIGHT="55" WIDTH="20" VPOS="2451" HPOS="1232"/>
            <String HEIGHT="55" WIDTH="120" VPOS="2451" HPOS="1172" CONTENT="de" ID="tl_49_10" STYLEREFS="FONT0"/>
            <SP HEIGHT="55" WIDTH="20" VPOS="2451" HPOS="1293"/>
            <String HEIGHT="55" WIDTH="281" VPOS="2451" HPOS="1212" CONTENT="représenter," ID="tl_49_11" STYLEREFS="FONT0"/>
          </TextLine>
        </TextBlock>
        <TextBlock ID="r_2_27" HEIGHT="190" WIDTH="1355" VPOS="2502" HPOS="133">
          <TextLine ID="tl_50" BASELINE="2558" HEIGHT="55" WIDTH="1369" VPOS="2503" HPOS="127">
            <String HEIGHT="55" WIDTH="132" VPOS="2503" HPOS="105" CONTENT="«à" ID="tl_50_1" STYLEREFS="FONT0"/>
            <SP HEIGHT="55" WIDTH="22" VPOS="2503" HPOS="237"/>
            <String HEIGHT="55" WIDTH="331" VPOS="2503" HPOS="171" CONTENT="l’assemblée" ID="tl_50_2" STYLEREFS="FONT0"/>
            <SP HEIGHT="55" WIDTH="22" VPOS="2503" HPOS="502"/>
            <String HEIGHT="55" WIDTH="309" VPOS="2503" HPOS="436" CONTENT="nationale," ID="tl_50_3" STYLEREFS="FONT0"/>
            <SP HEIGHT="55" WIDTH="22" VPOS="2503" HPOS="745"/>
            <String HEIGHT="55" WIDTH="132" VPOS="2503" HPOS="679" CONTENT="le" ID="tl_50_4" STYLEREFS="FONT0"/>
            <SP HEIGHT="55" WIDTH="22" VPOS="2503" HPOS="811"/>
            <String HEIGHT="55" WIDTH="243" VPOS="2503" HPOS="745" CONTENT="fâcheux" ID="tl_50_5" STYLEREFS="FONT0"/>
            <SP HEIGHT="55" WIDTH="22" VPOS="2503" HPOS="988"/>
            <String HEIGHT="55" WIDTH="177" VPOS="2503" HPOS="922" CONTENT="état" ID="tl_50_6" STYLEREFS="FONT0"/>
            <SP HEIGHT="55" WIDTH="22" VPOS="2503" HPOS="1099"/>
            <String HEIGHT="55" WIDTH="132" VPOS="2503" HPOS="1032" CONTENT="de" ID="tl_50_7" STYLEREFS="FONT0"/>
            <SP HEIGHT="55" WIDTH="22" VPOS="2503" HPOS="1165"/>
            <String HEIGHT="55" WIDTH="155" VPOS="2503" HPOS="1099" CONTENT="vos" ID="tl_50_8" STYLEREFS="FONT0"/>
            <SP HEIGHT="55" WIDTH="22" VPOS="2503" HPOS="1253"/>
            <String HEIGHT="55" WIDTH="287" VPOS="2503" HPOS="1187" CONTENT="finances," ID="tl_50_9" STYLEREFS="FONT0"/>
            <SP HEIGHT="55" WIDTH="22" VPOS="2503" HPOS="1474"/>
            <String HEIGHT="55" WIDTH="110" VPOS="2503" HPOS="1386" CONTENT="les" ID="tl_50_10" STYLEREFS="FONT0"/>
          </TextLine>
          <TextLine ID="tl_51" BASELINE="2601" HEIGHT="61" WIDTH="1367" VPOS="2540" HPOS="128">
            <String HEIGHT="61" WIDTH="273" VPOS="2540" HPOS="105" CONTENT="«avances" ID="tl_51_1" STYLEREFS="FONT0"/>
            <SP HEIGHT="61" WIDTH="23" VPOS="2540" HPOS="379"/>
            <String HEIGHT="61" WIDTH="387" VPOS="2540" HPOS="310" CONTENT="considérables" ID="tl_51_2" STYLEREFS="FONT0"/>
            <SP HEIGHT="61" WIDTH="23" VPOS="2540" HPOS="698"/>
            <String HEIGHT="61" WIDTH="159" VPOS="2540" HPOS="629" CONTENT="que" ID="tl_51_3" STYLEREFS="FONT0"/>
            <SP HEIGHT="61" WIDTH="23" VPOS="2540" HPOS="789"/>
            <String HEIGHT="61" WIDTH="182" VPOS="2540" HPOS="720" CONTENT="vous" ID="tl_51_4" STYLEREFS="FONT0"/>
            <SP HEIGHT="61" WIDTH="23" VPOS="2540" HPOS="903"/>
            <String HEIGHT="61" WIDTH="205" VPOS="2540" HPOS="834" CONTENT="aviez" ID="tl_51_5" STYLEREFS="FONT0"/>
            <SP HEIGHT="61" WIDTH="23" VPOS="2540" HPOS="1039"/>
            <String HEIGHT="61" WIDTH="228" VPOS="2540" HPOS="971" CONTENT="faites" ID="tl_51_6" STYLEREFS="FONT0"/>
            <SP HEIGHT="61" WIDTH="23" VPOS="2540" HPOS="1199"/>
            <String HEIGHT="61" WIDTH="137" VPOS="2540" HPOS="1130" CONTENT="au" ID="tl_51_7" STYLEREFS="FONT0"/>
            <SP HEIGHT="61" WIDTH="23" VPOS="2540" HPOS="1267"/>
            <String HEIGHT="61" WIDTH="319" VPOS="2540" HPOS="1176" CONTENT="gouvernement" ID="tl_51_8" STYLEREFS="FONT0"/>
          </TextLine>
          <TextLine ID="tl_52" BASELINE="2657" HEIGHT="65" WIDTH="1363" VPOS="2592" HPOS="129">
            <String HEIGHT="65" WIDTH="145" VPOS="2592" HPOS="108" CONTENT="«et" ID="tl_52_1" STYLEREFS="FONT0"/>
            <SP HEIGHT="65" WIDTH="21" VPOS="2592" HPOS="253"/>
            <String HEIGHT="65" WIDTH="145" VPOS="2592" HPOS="191" CONTENT="vos" ID="tl_52_2" STYLEREFS="FONT0"/>
            <SP HEIGHT="65" WIDTH="21" VPOS="2592" HPOS="336"/>
            <String HEIGHT="65" WIDTH="207" VPOS="2592" HPOS="274" CONTENT="droits" ID="tl_52_3" STYLEREFS="FONT0"/>
            <SP HEIGHT="65" WIDTH="21" VPOS="2592" HPOS="480"/>
            <String HEIGHT="65" WIDTH="103" VPOS="2592" HPOS="418" CONTENT="à" ID="tl_52_4" STYLEREFS="FONT0"/>
            <SP HEIGHT="65" WIDTH="21" VPOS="2592" HPOS="521"/>
            <String HEIGHT="65" WIDTH="227" VPOS="2592" HPOS="459" CONTENT="obtenir" ID="tl_52_5" STYLEREFS="FONT0"/>
            <SP HEIGHT="65" WIDTH="21" VPOS="2592" HPOS="687"/>
            <String HEIGHT="65" WIDTH="145" VPOS="2592" HPOS="625" CONTENT="que" ID="tl_52_6" STYLEREFS="FONT0"/>
            <SP HEIGHT="65" WIDTH="21" VPOS="2592" HPOS="769"/>
            <String HEIGHT="65" WIDTH="124" VPOS="2592" HPOS="707" CONTENT="la" ID="tl_52_7" STYLEREFS="FONT0"/>
            <SP HEIGHT="65" WIDTH="21" VPOS="2592" HPOS="831"/>
            <String HEIGHT="65" WIDTH="207" VPOS="2592" HPOS="769" CONTENT="nation" ID="tl_52_8" STYLEREFS="FONT0"/>
            <SP HEIGHT="65" WIDTH="21" VPOS="2592" HPOS="976"/>
            <String HEIGHT="65" WIDTH="124" VPOS="2592" HPOS="914" CONTENT="se" ID="tl_52_9" STYLEREFS="FONT0"/>
            <SP HEIGHT="65" WIDTH="21" VPOS="2592" HPOS="1038"/>
            <String HEIGHT="65" WIDTH="248" VPOS="2592" HPOS="976" CONTENT="chargeât" ID="tl_52_10" STYLEREFS="FONT0"/>
            <SP HEIGHT="65" WIDTH="21" VPOS="2592" HPOS="1224"/>
            <String HEIGHT="65" WIDTH="124" VPOS="2592" HPOS="1162" CONTENT="de" ID="tl_52_11" STYLEREFS="FONT0"/>
            <SP HEIGHT="65" WIDTH="21" VPOS="2592" HPOS="1285"/>
            <String HEIGHT="65" WIDTH="186" VPOS="2592" HPOS="1224" CONTENT="votre" ID="tl_52_12" STYLEREFS="FONT0"/>
            <SP HEIGHT="65" WIDTH="21" VPOS="2592" HPOS="1409"/>
            <String HEIGHT="65" WIDTH="165" VPOS="2592" HPOS="1327" CONTENT="énorme" ID="tl_52_13" STYLEREFS="FONT0"/>
          </TextLine>
          <TextLine ID="tl_53" BASELINE="2699" HEIGHT="58" WIDTH="515" VPOS="2641" HPOS="126">
            <String HEIGHT="58" WIDTH="218" VPOS="2641" HPOS="106" CONTENT="«dette," ID="tl_53_1" STYLEREFS="FONT0"/>
            <SP HEIGHT="58" WIDTH="20" VPOS="2641" HPOS="324"/>
            <String HEIGHT="58" WIDTH="178" VPOS="2641" HPOS="265" CONTENT="etc.," ID="tl_53_2" STYLEREFS="FONT0"/>
            <SP HEIGHT="58" WIDTH="20" VPOS="2641" HPOS="443"/>
            <String HEIGHT="58" WIDTH="178" VPOS="2641" HPOS="383" CONTENT="etc.," ID="tl_53_3" STYLEREFS="FONT0"/>
            <SP HEIGHT="58" WIDTH="20" VPOS="2641" HPOS="562"/>
            <String HEIGHT="58" WIDTH="158" VPOS="2641" HPOS="502" CONTENT="etc." ID="tl_53_4" STYLEREFS="FONT0"/>
            <SP HEIGHT="58" WIDTH="20" VPOS="2641" HPOS="661"/>
            <String HEIGHT="58" WIDTH="59" VPOS="2641" HPOS="582" CONTENT="»" ID="tl_53_5" STYLEREFS="FONT0"/>
          </TextLine>
        </TextBlock>
        <TextBlock ID="r_2_28" HEIGHT="54" WIDTH="1397" VPOS="2693" HPOS="87">
          <TextLine ID="tl_54" BASELINE="2751" HEIGHT="74" WIDTH="1412" VPOS="2677" HPOS="79">
            <String HEIGHT="74" WIDTH="165" VPOS="2677" HPOS="61" CONTENT="1702." ID="tl_54_1" STYLEREFS="FONT0"/>
            <SP HEIGHT="74" WIDTH="18" VPOS="2677" HPOS="226"/>
            <String HEIGHT="74" WIDTH="312" VPOS="2677" HPOS="171" CONTENT="Romieu" ID="tl_54_2" STYLEREFS="FONT1"/>
            <SP HEIGHT="74" WIDTH="18" VPOS="2677" HPOS="482"/>
            <String HEIGHT="74" WIDTH="183" VPOS="2677" HPOS="427" CONTENT="auteur" ID="tl_54_3" STYLEREFS="FONT0"/>
            <SP HEIGHT="74" WIDTH="18" VPOS="2677" HPOS="611"/>
            <String HEIGHT="74" WIDTH="110" VPOS="2677" HPOS="556" CONTENT="du" ID="tl_54_4" STYLEREFS="FONT0"/>
            <SP HEIGHT="74" WIDTH="18" VPOS="2677" HPOS="666"/>
            <String HEIGHT="74" WIDTH="220" VPOS="2677" HPOS="611" CONTENT="Livre" ID="tl_54_5" STYLEREFS="FONT2"/>
            <SP HEIGHT="74" WIDTH="18" VPOS="2677" HPOS="831"/>
            <String HEIGHT="74" WIDTH="257" VPOS="2677" HPOS="776" CONTENT="roude" ID="tl_54_6" STYLEREFS="FONT2"/>
            <SP HEIGHT="74" WIDTH="18" VPOS="2677" HPOS="1033"/>
            <String HEIGHT="74" WIDTH="110" VPOS="2677" HPOS="978" CONTENT="L." ID="tl_54_7" STYLEREFS="FONT0"/>
            <SP HEIGHT="74" WIDTH="18" VPOS="2677" HPOS="1088"/>
            <String HEIGHT="74" WIDTH="147" VPOS="2677" HPOS="1033" CONTENT="aut." ID="tl_54_8" STYLEREFS="FONT0"/>
            <SP HEIGHT="74" WIDTH="18" VPOS="2677" HPOS="1179"/>
            <String HEIGHT="74" WIDTH="165" VPOS="2677" HPOS="1124" CONTENT="sig.," ID="tl_54_9" STYLEREFS="FONT0"/>
            <SP HEIGHT="74" WIDTH="18" VPOS="2677" HPOS="1289"/>
            <String HEIGHT="74" WIDTH="92" VPOS="2677" HPOS="1234" CONTENT="à" ID="tl_54_10" STYLEREFS="FONT0"/>
            <SP HEIGHT="74" WIDTH="18" VPOS="2677" HPOS="1326"/>
            <String HEIGHT="74" WIDTH="147" VPOS="2677" HPOS="1271" CONTENT="M..." ID="tl_54_11" STYLEREFS="FONT0"/>
            <SP HEIGHT="74" WIDTH="18" VPOS="2677" HPOS="1418"/>
            <String HEIGHT="74" WIDTH="147" VPOS="2677" HPOS="1344" CONTENT="Paris," ID="tl_54_12" STYLEREFS="FONT0"/>
          </TextLine>
        </TextBlock>
        <TextBlock ID="r_2_29" HEIGHT="58" WIDTH="1349" VPOS="2733" HPOS="134">
          <TextLine ID="tl_55" BASELINE="2797" HEIGHT="63" WIDTH="1365" VPOS="2734" HPOS="126">
            <String HEIGHT="63" WIDTH="207" VPOS="2734" HPOS="85" CONTENT="3" ID="tl_55_1" STYLEREFS="FONT0"/>
            <SP HEIGHT="63" WIDTH="41" VPOS="2734" HPOS="291"/>
            <String HEIGHT="63" WIDTH="496" VPOS="2734" HPOS="167" CONTENT="novembre" ID="tl_55_2" STYLEREFS="FONT0"/>
            <SP HEIGHT="63" WIDTH="41" VPOS="2734" HPOS="664"/>
            <String HEIGHT="63" WIDTH="372" VPOS="2734" HPOS="540" CONTENT="1850." ID="tl_55_3" STYLEREFS="FONT0"/>
            <SP HEIGHT="63" WIDTH="41" VPOS="2734" HPOS="912"/>
            <String HEIGHT="63" WIDTH="207" VPOS="2734" HPOS="788" CONTENT="1" ID="tl_55_4" STYLEREFS="FONT0"/>
            <SP HEIGHT="63" WIDTH="41" VPOS="2734" HPOS="995"/>
            <String HEIGHT="63" WIDTH="248" VPOS="2734" HPOS="871" CONTENT="p." ID="tl_55_5" STYLEREFS="FONT0"/>
            <SP HEIGHT="63" WIDTH="41" VPOS="2734" HPOS="1119"/>
            <String HEIGHT="63" WIDTH="372" VPOS="2734" HPOS="995" CONTENT="in-8." ID="tl_55_6" STYLEREFS="FONT0"/>
            <SP HEIGHT="63" WIDTH="41" VPOS="2734" HPOS="1367"/>
            <String HEIGHT="63" WIDTH="207" VPOS="2734" HPOS="1243" CONTENT="3" ID="tl_55_7" STYLEREFS="FONT0"/>
            <SP HEIGHT="63" WIDTH="41" VPOS="2734" HPOS="1450"/>
            <String HEIGHT="63" WIDTH="207" VPOS="2734" HPOS="1326" CONTENT="2" ID="tl_55_8" STYLEREFS="FONT0"/>
            <SP HEIGHT="63" WIDTH="41" VPOS="2734" HPOS="1532"/>
            <String HEIGHT="63" WIDTH="124" VPOS="2734" HPOS="1367" CONTENT="»" ID="tl_55_9" STYLEREFS="FONT0"/>
          </TextLine>
        </TextBlock>
        <TextBlock ID="r_2_30" HEIGHT="50" WIDTH="1399" VPOS="2789" HPOS="86">
          <TextLine ID="tl_56" BASELINE="2867" HEIGHT="99" WIDTH="1416" VPOS="2768" HPOS="77">
            <String HEIGHT="99" WIDTH="170" VPOS="2768" HPOS="58" CONTENT="1703." ID="tl_56_1" STYLEREFS="FONT0"/>
            <SP HEIGHT="99" WIDTH="19" VPOS="2768" HPOS="228"/>
            <String HEIGHT="99" WIDTH="302" VPOS="2768" HPOS="171" CONTENT="Romme" ID="tl_56_2" STYLEREFS="FONT1"/>
            <SP HEIGHT="99" WIDTH="19" VPOS="2768" HPOS="473"/>
            <String HEIGHT="99" WIDTH="170" VPOS="2768" HPOS="417" CONTENT="(G.)," ID="tl_56_3" STYLEREFS="FONT0"/>
            <SP HEIGHT="99" WIDTH="19" VPOS="2768" HPOS="587"/>
            <String HEIGHT="99" WIDTH="189" VPOS="2768" HPOS="530" CONTENT="député" ID="tl_56_4" STYLEREFS="FONT0"/>
            <SP HEIGHT="99" WIDTH="19" VPOS="2768" HPOS="719"/>
            <String HEIGHT="99" WIDTH="113" VPOS="2768" HPOS="662" CONTENT="du" ID="tl_56_5" STYLEREFS="FONT0"/>
            <SP HEIGHT="99" WIDTH="19" VPOS="2768" HPOS="776"/>
            <String HEIGHT="99" WIDTH="415" VPOS="2768" HPOS="719" CONTENT="Puy-de-Dôme" ID="tl_56_6" STYLEREFS="FONT2"/>
            <SP HEIGHT="99" WIDTH="19" VPOS="2768" HPOS="1134"/>
            <String HEIGHT="99" WIDTH="94" VPOS="2768" HPOS="1078" CONTENT="à" ID="tl_56_7" STYLEREFS="FONT0"/>
            <SP HEIGHT="99" WIDTH="19" VPOS="2768" HPOS="1172"/>
            <String HEIGHT="99" WIDTH="113" VPOS="2768" HPOS="1115" CONTENT="la" ID="tl_56_8" STYLEREFS="FONT0"/>
            <SP HEIGHT="99" WIDTH="19" VPOS="2768" HPOS="1229"/>
            <String HEIGHT="99" WIDTH="283" VPOS="2768" HPOS="1172" CONTENT="Convention," ID="tl_56_9" STYLEREFS="FONT0"/>
            <SP HEIGHT="99" WIDTH="19" VPOS="2768" HPOS="1455"/>
            <String HEIGHT="99" WIDTH="113" VPOS="2768" HPOS="1380" CONTENT="Let" ID="tl_56_10" STYLEREFS="FONT0"/>
          </TextLine>
        </TextBlock>
      </PrintSpace>
    </Page>
  </Layout>
</alto>
