1663 2879
691 84 184 94 —
765 84 258 94 438
875 84 111 94 —

161 179 219 68 «Jugés
315 179 132 68 si
380 179 154 68 ces
468 179 307 68 conditions
709 179 132 68 se
775 179 241 68 peuvent
951 179 241 68 trouver
1126 179 175 68 dans
1236 179 285 68 l’ouvrage
1433 179 132 68 d’un

163 242 335 55 «protestant
431 242 156 55 qui
520 242 156 55 est
610 242 134 55 en
677 242 291 55 Hollande.
900 242 156 55 Dès
990 242 156 55 que
1079 242 134 55 M.
1146 242 134 55 le
1213 242 335 55 chancellier
1459 242 112 55 eut

162 287 192 61 «reçu
290 287 341 61 l’exemplaire
567 287 149 61 que
652 287 128 61 M.
716 287 192 61 Leers
844 287 149 61 qui
929 287 107 61 a
972 287 235 61 imprimé
1143 287 128 61 le
1207 287 192 61 livre
1334 287 128 61 le
1398 287 149 61 lui
1462 287 107 61 eut

157 337 250 60 «envoyé
339 337 137 60 en
408 337 273 60 présent,
613 337 137 60 il
681 337 137 60 le
749 337 159 60 fit
840 337 273 60 examiner
1045 337 159 60 par
1136 337 137 60 M.
1205 337 228 60 l’abbé
1341 337 228 60 Renaudot

157 397 182 52 «qui
271 397 159 52 lui
362 397 114 52 a
408 397 182 52 fait
521 397 137 52 un
590 397 250 52 rapport
772 397 137 52 si
840 397 387 52 désavantageux
1158 397 137 52 de
1227 397 319 52 l’ouvrage,
1454 397 114 52 que

160 435 154 62 «M.
248 435 132 62 le
314 435 309 62 chancelier
557 435 220 62 gronda
711 435 353 62 terriblement
998 435 132 62 le
1064 435 265 62 libraire
1262 435 154 62 qui
1351 435 154 62 lui
1417 435 154 62 avait

159 480 260 61 «demandé
354 480 130 61 la
419 480 303 61 permission
658 480 173 61 d’en
766 480 195 61 faire
896 480 238 61 entrer,
1070 480 130 61 et
1135 480 195 61 qu’il
1265 480 152 61 lui
1351 480 152 61 dit
1416 480 152 61 rude-

158 526 198 52 «ment
290 526 198 52 qu’il
423 526 132 52 en
489 526 309 52 défendrait
731 526 132 52 le
797 526 198 52 débit
930 526 176 52 avec
1040 526 132 52 la
1106 526 265 52 dernière
1282 526 287 52 rigueur...»

106 585 196 64 5242.
237 585 480 64 Beauharnais
651 585 153 64 (le
738 585 218 64 prince
891 585 262 64 Eugène),
1087 585 262 64 vice-roi
1284 585 283 64 d’Italie.
1480 585 87 64 L.

157 635 195 67 sig.,
287 635 108 67 à
330 635 130 67 M.
395 635 325 67 l’intendant
655 635 303 67 général...
893 635 368 67 Aschessleben,
1196 635 130 67 24
1261 635 195 67 avril
1391 635 195 67 1813.
1499 635 65 67 1

109 682 487 61 gr.
388 682 417 61 p.
596 682 487 61 pl.
875 682 626 61 in-4.
1292 682 348 61 5
1361 682 209 61 »

108 730 185 73 5243.
232 730 370 73 Bentley
540 730 226 73 (Samuel
704 730 123 73 et
766 730 267 73 Richard),
971 730 267 73 libraires
1177 730 103 73 à
1218 730 247 73 Londres.
1403 730 123 73 L.
1444 730 123 73 aut.

156 784 199 53 sig.,
289 784 111 53 à
333 784 155 53 MM.
421 784 221 53 Firmin
576 784 221 53 Didot.
731 784 266 53 Londres,
930 784 133 53 22
997 784 243 53 janvier
1174 784 199 53 1822.
1306 784 111 53 1
1351 784 133 53 p.
1417 784 133 53 et
1461 784 111 53 de-

112 830 464 61 mie
377 830 597 61 in-4.
775 830 730 61 Cachet.
1306 830 332 61 2
1372 830 199 61 »

111 881 182 67 5244.
232 881 385 67 Béranger
557 881 203 67 (J.-P.
698 881 162 67 de),
800 881 182 67 notre
921 881 182 67 poëte
1043 881 263 67 national.
1246 881 122 67 L.
1307 881 162 67 aut.
1408 881 182 67 sig.,
1509 881 61 67 à

150 935 155 50 M.
228 935 284 50 Clament
434 935 258 50 Zunty.
615 935 155 50 21
692 935 310 50 novembre
924 935 232 50 1830.
1079 935 129 50 1
1130 935 155 50 p.
1208 935 181 50 pl.
1311 935 232 50 in-8.
1466 935 129 50 6
1492 935 77 50 »

211 980 300 77 Remerciements
459 980 141 77 pour
547 980 194 77 l’envoi
688 980 106 77 de
741 980 106 77 sa
794 980 389 77 Philippéide
1130 980 106 77 et
1183 980 124 77 son
1254 980 247 77 Mémoire
1431 980 141 77 au

162 1032 109 62 ro.

111 1082 182 64 5245.
232 1082 385 64 Béranger
557 1082 203 64 (J.-P.
698 1082 162 64 de),
800 1082 182 64 notre
921 1082 182 64 poëte
1043 1082 263 64 national.
1246 1082 122 64 L.
1307 1082 162 64 aut.
1408 1082 182 64 sig.,
1509 1082 61 64 à

158 1133 196 62 Harel,
295 1133 196 62 auteur
432 1133 117 62 du
491 1133 254 62 Ménage
687 1133 372 62 sociétaire
1000 1133 196 62 Tours,
1137 1133 117 62 14
1195 1133 215 62 juillet
1352 1133 176 62 1839.
1469 1133 98 62 4
1489 1133 78 62 p.

126 1183 375 62 pl.
340 1183 482 62 in-8.
661 1183 802 62 (Fatiguée).
1303 1183 321 62 10
1410 1183 161 62 »

207 1234 210 53 Lettre
354 1234 336 53 intéressante
627 1234 126 53 au
690 1234 189 53 sujet
816 1234 126 53 de
879 1234 147 53 son
964 1234 210 53 projet
1111 1234 315 53 d’existence
1363 1234 126 53 en
1405 1234 168 53 commu-

161 1288 256 67 nauté...
353 1288 128 67 Il
417 1288 107 67 a
459 1288 235 67 bientôt
630 1288 128 67 60
694 1288 149 67 ans
779 1288 128 67 et
843 1288 149 67 est
928 1288 277 67 pressé...
1142 1288 171 67 mais
1248 1288 149 67 son
1333 1288 235 67 château
1483 1288 85 67 en

157 1333 242 75 Espagne
333 1333 154 75 est
399 1333 397 75 Sainte

113 1372 173 74 5246.
228 1372 365 74 Bernard
535 1372 192 74 auteur
670 1372 269 74 dramatique
881 1372 154 74 (Les
977 1372 384 74 Phodiens
1303 1372 192 74 opéra,
1418 1372 154 74 etc.).

163 1430 251 59 directeur
356 1430 116 59 de
414 1430 251 59 théâtres.
607 1430 116 59 L.
665 1430 116 59 a.
723 1430 116 59 s.
781 1430 270 59 Marseille,
993 1430 116 59 30
1051 1430 155 59 août
1148 1430 174 59 1828.
1264 1430 97 59 1
1303 1430 116 59 p.
1360 1430 174 59 in-4.
1476 1430 97 59 1
1496 1430 77 59 50

114 1482 193 71 5247.
242 1482 386 71 Berrier
563 1482 321 71 (Constant),
820 1482 214 71 auteur
970 1482 321 71 dramatique.
1227 1482 129 71 L.
1292 1482 171 71 aut.
1399 1482 193 71 sig.,
1506 1482 64 71 à

157 1534 146 56 M.
230 1534 341 56 Berthevin.
498 1534 244 56 Paris,
668 1534 146 56 18
741 1534 268 56 février
936 1534 219 56 1828.
1083 1534 122 56 2
1131 1534 146 56 p.
1204 1534 171 56 pl.
1302 1534 219 56 in-4.
1448 1534 122 56 1
1473 1534 97 56 50

111 1577 205 66 5248.
248 1577 683 66 Berryat-Saint-Prix,
863 1577 410 66 jurisconsulte,
1205 1577 364 66 commentateur
1478 1577 91 66 de

165 1632 234 87 Boileau
335 1632 298 87 Despréaux.
569 1632 128 87 L.
633 1632 170 87 aut.
740 1632 192 87 sig.,
867 1632 106 87 à
910 1632 128 87 M.
974 1632 128 87 le
1038 1632 234 87 marquis
1208 1632 128 87 de
1251 1632 319 87 Châteaugiron.

147 1688 339 46 Paris,
384 1688 203 46 14
486 1688 441 46 septembre
825 1688 305 46 1826.
1029 1688 170 46 1
1096 1688 203 46 p.
1198 1688 305 46 in-4.
1401 1688 170 46 1
1435 1688 136 46 50

117 1721 177 70 5249.
235 1721 354 70 Berthet
530 1721 216 70 (Elie),
687 1721 314 70 littérateur.
942 1721 118 70 L.
1001 1721 157 70 aut.
1100 1721 177 70 sig.,
1217 1721 98 70 à
1257 1721 138 70 son
1316 1721 255 70 confrère...

165 1782 130 57 La
230 1782 475 57 Celle-Saint-Cloud,
640 1782 130 57 12
705 1782 173 57 août
813 1782 194 57 1850.
943 1782 108 57 1
986 1782 130 57 p.
1051 1782 151 57 pl.
1137 1782 130 57 et
1202 1782 194 57 demie
1331 1782 194 57 in-8.
1461 1782 108 57 2
1483 1782 86 57 50

115 1836 190 62 5250.
242 1836 423 62 Berville,
601 1836 190 62 poëte
728 1836 317 62 dramatique,
982 1836 317 62 publiciste,
1236 1836 127 62 L.
1299 1836 169 62 aut.
1405 1836 190 62 sig.,
1511 1836 63 62 à

156 1876 166 57 M.
239 1876 444 57 Pouqueville.
600 1876 166 57 25
683 1876 333 57 novembre
932 1876 249 57 1826.
1099 1876 139 57 1
1154 1876 166 57 p.
1237 1876 277 57 in-12.
1431 1876 139 57 4
1459 1876 111 57 50

119 1911 187 69 5251.
244 1911 414 69 Biagioli,
596 1911 207 69 poëte,
741 1911 332 69 grammairien.
1010 1911 124 69 L.
1073 1911 166 69 aut.
1176 1911 187 69 sig.,
1301 1911 124 69 au
1342 1911 228 69 rédacteur

166 1975 128 56 du
230 1975 319 56 Courrier
485 1975 361 56 français
782 1975 213 56 Paris,
931 1975 128 56 20
995 1975 170 56 mars
1101 1975 191 56 1820.
1229 1975 106 56 1
1271 1975 128 56 p.
1335 1975 191 56 in-8.
1463 1975 106 56 1
1484 1975 85 56 50

214 2019 210 66 Envoi
354 2019 210 66 d’une
494 2019 210 66 pièce
634 2019 140 66 de
704 2019 187 66 vers
820 2019 163 66 sur
914 2019 140 66 le
984 2019 327 66 malheureux
1240 2019 303 66 événement
1450 2019 117 66 qui

167 2066 219 66 enlève
321 2066 110 66 à
365 2066 132 66 la
430 2066 219 66 France
584 2066 132 66 le
650 2066 154 66 duc
738 2066 132 66 de
781 2066 176 66 Berry.

117 2103 187 89 5252.
242 2103 291 89 Boileau
470 2103 353 89 Despréaux
761 2103 332 89 (Charlotte).
1030 2103 208 89 Quitt.
1176 2103 166 89 sig.
1279 2103 166 89 (sur
1362 2103 208 89 parch.),

164 2173 208 50 comme
302 2173 208 50 fille
441 2173 254 50 majeure
625 2173 323 50 jouissante
879 2173 138 50 de
948 2173 161 50 ses
1040 2173 254 50 droits,
1225 2173 138 50 de
1294 2173 138 50 la
1363 2173 208 50 somme
1479 2173 92 50 de

166 2216 184 50 cent
281 2216 299 50 cinquante
511 2216 253 50 livres,
696 2216 184 50 pour
811 2216 161 50 six
903 2216 184 50 mois
1018 2216 138 50 de
1087 2216 230 50 rente.
1249 2216 207 50 Paris
1387 2216 207 50 1686.
1502 2216 69 50 —

168 2261 201 63 Copie
301 2261 156 63 (du
391 2261 223 63 temps)
547 2261 134 63 de
614 2261 134 63 la
680 2261 223 63 lettre
836 2261 134 63 de
903 2261 245 63 Boileau
1082 2261 290 63 Despréaux
1305 2261 134 63 au
1349 2261 223 63 maréchal

163 2313 159 48 de
243 2313 292 48 Vivonne
455 2313 292 48 (1676).
668 2313 133 48 5
721 2313 159 48 p.
800 2313 239 48 in-4.
960 2313 265 48 Taches
1145 2313 398 48 d’humidité.
1464 2313 133 48 3
1490 2313 80 48 »

120 2350 184 60 5253.
242 2350 410 60 Bonaparte
591 2350 266 60 (Joseph),
796 2350 184 60 frère
918 2350 164 60 aîné
1021 2350 123 60 de
1082 2350 246 60 Napoléon
1267 2350 164 60 Ier,
1369 2350 143 60 roi
1431 2350 143 60 d’Es-

168 2403 220 62 pagne.
322 2403 132 62 L.
388 2403 176 62 aut.
497 2403 176 62 sig.
607 2403 220 62 Paris,
761 2403 132 62 22
827 2403 285 62 frimaire,
1046 2403 132 62 an
1112 2403 198 62 VIII.
1244 2403 110 62 1
1288 2403 132 62 p.
1353 2403 198 62 in-4.
1485 2403 110 62 3
1507 2403 66 62 »

120 2446 199 69 5254.
252 2446 398 69 Bonjour
584 2446 309 69 (Casimir),
827 2446 199 69 poëte
959 2446 331 69 dramatique.
1225 2446 133 69 L.
1291 2446 177 69 aut.
1401 2446 199 69 sig.,
1512 2446 66 69 à

155 2504 198 66 M.
254 2504 462 66 Rougemont.
617 2504 198 66 13
716 2504 330 66 avril.
948 2504 363 66 Demi-p.
1212 2504 297 66 in-8.
1410 2504 165 66 4
1443 2504 132 66 25

119 2535 190 81 5255.
245 2535 421 81 Boulanger
604 2535 274 81 (madame),
814 2535 232 81 actrice
983 2535 126 81 du
1046 2535 232 81 théâtre
1215 2535 253 81 Feydeau.
1404 2535 126 81 L.
1447 2535 126 81 aut.

154 2598 304 59 sig.,
357 2598 169 59 à
424 2598 203 59 M.
526 2598 608 59 l’intendant...
1033 2598 169 59 1
1100 2598 203 59 p.
1201 2598 304 59 in-4.
1404 2598 169 59 2
1438 2598 135 59 50

121 2640 172 72 5256.
236 2640 363 72 Bourette
542 2640 172 72 (Mlle
656 2640 249 72 Charlotte
847 2640 210 72 Renyer,
1000 2640 153 72 dame
1096 2640 306 72 Curé
1345 2640 153 72 puis
1421 2640 153 72 dame),

173 2696 113 60 la
230 2696 151 60 Muse
324 2696 302 60 limonadière,
570 2696 189 60 poëte,
702 2696 189 60 auteur
835 2696 113 60 de
891 2696 113 60 la
948 2696 284 60 Coquette
1175 2696 284 60 punie,
1383 2696 189 60 comédie.

176 2743 143 86 vers
266 2743 179 86 (neuf)
391 2743 143 86 aut.
481 2743 161 86 sig.:
589 2743 161 86 La
696 2743 143 86 Muse
786 2743 359 86 limonadière
1091 2743 161 86 1775.
1198 2743 143 86 A
1270 2743 305 86 monseigneur

160 2791 600 75 Malherbes
670 2791 540 75 (Malesherbes).
1120 2791 150 75 1
1180 2791 180 75 p.
1270 2791 270 75 in-4.
1450 2791 150 75 5
1480 2791 90 75 »
