1158 2212
486 24 149 53 —
546 24 149 53 7
576 24 89 53 —

498 95 71 46 23223
545 95 71 46 DUMAS
592 95 63 46 fils
632 95 126 46 (Alexandre),
734 95 86 46 célèbre
796 95 102 46 romancier
875 95 47 46 et
899 95 79 46 auteur
953 95 118 46 dramatique.
1040 95 94 46 L.

152 123 71 46 a.
199 123 86 46 s.
262 123 55 46 1/2
293 123 47 46 p.
317 123 71 46 in-8.
364 123 39 46 1
372 123 31 46 25

147 159 118 58 23224
225 159 131 58 DUMONT
317 159 170 58 D’URVILLE
448 159 118 58 (J.),
526 159 157 58 illustre
644 159 183 58 navigateur
788 159 92 58 qui
840 159 92 58 fit
893 159 170 58 plusieurs
1023 159 105 58 fois
1076 159 52 58 le

150 199 68 47 tour
192 199 51 47 du
217 199 85 47 monde.
277 199 76 47 L.
327 199 51 47 a.
353 199 85 47 s.
412 199 42 47 à
429 199 51 47 M.
454 199 102 47 Ducorps;
531 199 85 47 Paris,
590 199 51 47 15
615 199 68 47 juin
658 199 76 47 1840,
708 199 59 47 3/4
742 199 51 47 de
759 199 34 47 p.

150 228 91 46 in-8.
210 228 91 46 Jolie
271 228 101 46 pièce.
342 228 50 46 4
352 228 40 46 50

150 266 123 42 23225
232 266 123 42 DUROC
314 266 177 42 (Michel),
450 266 95 42 duc
505 266 82 42 de
546 266 150 42 Frioul,
655 266 245 42 grand-maréchal
859 266 82 42 du
900 266 136 42 palais
995 266 82 42 de
1023 266 95 42 Napo-

147 299 113 49 léon
218 299 113 49 Ier,
288 299 85 49 né
331 299 71 49 à
359 299 255 49 Pont-à-Mousson
571 299 198 49 (Meurthe),
727 299 99 49 tué
783 299 71 49 à
812 299 226 49 Mackersdorff
996 299 85 49 en
1024 299 99 49 1813.

139 334 105 52 L.
209 334 70 52 a.
244 334 116 52 s.
325 334 81 52 (au
372 334 105 52 baron
442 334 116 52 Yvan);
523 334 58 52 7
546 334 105 52 mars,
616 334 58 52 1
639 334 70 52 p.
674 334 81 52 1/4
721 334 105 52 in-4.
790 334 105 52 Belle
860 334 116 52 lettre
942 334 81 52 sur
976 334 47 52 sa

149 364 75 46 santé.
202 364 38 46 3
210 364 30 46 50

140 404 77 62 23226
192 404 103 62 ELLEVIOU
269 404 94 62 (Jean),
337 404 94 62 célèbre
405 404 111 62 chanteur,
491 404 51 62 né
516 404 43 62 à
533 404 94 62 Rennes.
602 404 77 62 L.
653 404 51 62 a.
679 404 85 62 s.
738 404 43 62 à
756 404 60 62 ses
781 404 60 62 chers

253 443 105 53 voisins
330 443 48 53 2
349 443 57 53 p.
377 443 67 53 pl.
415 443 86 53 in-8.
472 443 133 53 Très-jolie
577 443 105 53 lettre.
653 443 48 53 5
662 443 29 53 »

136 479 96 56 23226
201 479 161 56 bis
329 479 96 56 EMPIS
393 479 86 56 (Ad.
447 479 86 56 Dom.
500 479 107 56 Jos.),
575 479 107 56 auteur
650 479 161 56 dramatique,
778 479 64 56 de
811 479 118 56 l’Acad.
896 479 75 56 fr.
939 479 96 56 L.
1003 479 64 56 a.
1025 479 96 56 s.

145 512 62 48 1/2
181 512 53 48 p.
207 512 80 48 in-8.
260 512 44 48 1
278 512 53 48 75

141 553 74 44 23227
190 553 99 44 ESQUIROS
264 553 123 44 (Alphonse),
362 553 74 44 poëte
412 553 49 44 et
436 553 115 44 romancier,
527 553 131 44 représentant
633 553 49 44 du
658 553 82 44 peuple
707 553 33 44 en

144 584 76 43 1848.
194 584 76 43 L.
244 584 50 43 a.
270 584 84 43 s.
329 584 42 43 à
345 584 84 43 Arsène
404 584 109 43 Houssaye;
488 584 76 43 1863,
539 584 42 43 2
556 584 50 43 p.
581 584 59 43 1/2
614 584 76 43 in-8.
657 584 92 43 Charmante

132 620 229 48 épître.
299 620 104 48 2
320 620 62 48 »

282 650 93 49 23228
344 650 114 49 ESTRÉES
426 650 134 49 (Antoine,
530 650 114 49 marquis
613 650 83 49 d’),
664 650 165 49 grand-maître
799 650 62 49 de
830 650 165 49 l’artillerie
954 650 62 49 gou-

136 694 139 36 verneur
238 694 76 36 de
276 694 76 36 La
314 694 101 36 Fère
377 694 76 36 et
415 694 76 36 de
453 694 127 36 Paris,
542 694 139 36 célèbre
643 694 89 36 par
694 694 76 36 sa
732 694 114 36 belle
808 694 139 36 défense
909 694 76 36 de
934 694 89 36 Noyon

141 725 126 42 contre
230 725 76 42 le
267 725 88 42 duc
318 725 76 42 de
355 725 151 42 Mayenne,
469 725 101 42 père
532 725 76 42 de
569 725 164 42 Gabrielle
695 725 176 42 d’Estrées.
834 725 113 42 P.
909 725 164 42 s.
1035 725 63 42 3
1047 725 76 42 mars

132 752 143 54 1597,
227 752 111 54 3/4
291 752 95 54 de
338 752 95 54 p.
386 752 174 54 in-fol.
513 752 79 54 4
528 752 48 54 »

146 783 80 57 23229
200 783 98 57 FARADAY
271 783 116 57 (Michel),
360 783 107 57 illustre
441 783 116 57 physicien
530 783 107 57 anglais.
610 783 80 57 L.
664 783 89 57 a
726 783 71 57 s..;
771 783 54 57 29
798 783 80 57 févr.
843 783 63 57 1832,

143 827 51 47 1
163 827 62 47 p.
194 827 92 47 in-8.
256 827 103 47 Légère
328 827 103 47 tache.
399 827 164 47 Rare
533 827 51 47 6
543 827 31 47 »

136 865 102 41 23230
203 865 102 41 FAURE
271 865 102 41 (J.),
339 865 124 41 célèbre
429 865 135 41 chanteur
530 865 68 41 de
564 865 135 41 l’Opéra.
666 865 102 41 L.
733 865 68 41 a.
767 865 124 41 s.
858 865 79 41 3/4
903 865 68 41 de
936 865 68 41 p.
959 865 79 41 in

1023 900 90 40 1
1041 900 72 40 50

140 932 97 43 23231
205 932 97 43 FÉLIX
270 932 76 43 (le
313 932 108 43 Père),
389 932 119 43 célèbre
475 932 162 43 prédicateur
605 932 184 43 contemporain.
756 932 97 43 L.
821 932 119 43 a.
907 932 86 43 sig.
961 932 97 43 le
1015 932 108 43 Père

135 971 145 34 Félix
244 971 206 34 Simounet;
413 971 60 34 5
437 971 157 34 décembre,
558 971 60 34 2
582 971 73 34 p.
619 971 85 34 pl.
667 971 109 34 in-8.
740 971 157 34 Curieuse.
861 971 60 34 5
873 971 36 34 »

130 997 121 58 23232
210 997 134 58 FLEURY
304 997 174 58 (Hercule,
438 997 161 58 cardinal
558 997 107 58 de),
625 997 147 58 premier
732 997 161 58 ministre
853 997 80 58 de
893 997 121 58 Louis
974 997 94 58 XV,
1014 997 107 58 membre

137 1042 76 43 de
175 1042 139 43 l’Acad.
276 1042 88 43 fr.
327 1042 113 43 L.
402 1042 139 43 s.
503 1042 101 43 avec
566 1042 76 43 la
604 1042 177 43 souscript.
743 1042 113 43 aut.,
818 1042 76 43 au
856 1042 113 43 pape;
919 1042 202 43 Fontainebleau,

140 1070 71 51 17
176 1070 95 51 nov.
235 1070 107 51 1726,
307 1070 59 51 4
330 1070 71 51 p.
366 1070 83 51 1/2
413 1070 131 51 in-fol.
509 1070 71 51 20
532 1070 36 51 »

154 1102 122 63 PIÈCE
236 1102 203 63 HISTORIQUE.
398 1102 68 63 —
425 1102 122 63 C’est
506 1102 81 63 la
547 1102 135 63 lettre
642 1102 95 63 par
696 1102 162 63 laquelle
817 1102 81 63 le
858 1102 162 63 cardinal
980 1102 81 63 de
1007 1102 108 63 Fleury

128 1147 170 36 remercie
256 1147 85 36 le
298 1147 114 36 pape
369 1147 85 36 de
412 1147 99 36 lui
469 1147 128 36 avoir
554 1147 128 36 donné
639 1147 85 36 le
682 1147 156 36 chapeau
795 1147 85 36 de
824 1147 156 36 cardinal.

130 1179 123 50 23233
213 1179 233 50 FORBIN-JANSON
405 1179 206 50 (Toussaint,
569 1179 165 50 cardinal
693 1179 110 50 de),
761 1179 137 50 évêque
857 1179 82 50 de
899 1179 192 50 Marseille,
1036 1179 82 50 puis

129 1215 76 38 de
167 1215 164 38 Beauvais,
294 1215 76 38 un
332 1215 88 38 des
382 1215 164 38 meilleurs
508 1215 177 38 diplomates
647 1215 76 38 de
685 1215 88 38 son
736 1215 126 38 temps.
824 1215 114 38 L.
900 1215 152 38 s.,
1014 1215 76 38 en
1039 1215 76 38 ita-

134 1253 124 42 lien,
217 1253 110 42 avec
286 1253 83 42 la
327 1253 193 42 souscript.
479 1253 124 42 aut.,
562 1253 83 42 au
603 1253 124 42 pape;
686 1253 207 42 Versailles,
852 1253 83 42 18
893 1253 110 42 nov.
962 1253 124 42 1711,
1045 1253 69 42 2
1059 1253 55 42 p.

133 1286 131 37 in-fol.
229 1286 108 37 Belle
300 1286 120 37 lettre
384 1286 72 37 de
420 1286 191 37 compliments.
575 1286 60 37 4
587 1286 48 37 50

130 1322 123 41 23234
212 1322 95 41 FOY
267 1322 95 41 (M.
321 1322 136 41 Séb.),
416 1322 150 41 célèbre
525 1322 163 41 général,
648 1322 136 41 député
743 1322 82 41 et
784 1322 150 41 orateur
893 1322 150 41 libéral
1002 1322 109 41 sous
1057 1322 54 41 la

130 1356 235 33 Restauration,
324 1356 83 33 né
365 1356 69 33 à
393 1356 97 33 Ham
448 1356 166 33 (Somme).
572 1356 124 33 L.
655 1356 83 33 a.
697 1356 152 33 s.
807 1356 124 33 comme
890 1356 152 33 général
1000 1356 83 33 de
1028 1356 83 33 bri-

125 1393 119 40 gade;
204 1393 146 40 Mérida,
311 1393 80 40 20
350 1393 119 40 avril
430 1393 119 40 1810,
510 1393 93 40 3/4
563 1393 80 40 de
603 1393 80 40 p.
642 1393 146 40 in-fol.
749 1393 66 40 3
762 1393 53 40 75

137 1427 111 43 23235
210 1427 147 43 FOYATIER
321 1427 147 43 (Denis),
431 1427 123 43 habile
517 1427 172 43 sculpteur,
652 1427 123 43 auteur
738 1427 74 43 de
775 1427 74 43 la
812 1427 123 43 statue
898 1427 74 43 de
923 1427 196 43 Sparta

132 1458 100 43 cus.
194 1458 112 43 L.
269 1458 75 43 a.
306 1458 125 43 s.
394 1458 62 43 à
419 1458 75 43 M.
456 1458 112 43 Guys;
531 1458 125 43 Paris,
619 1458 75 43 28
656 1458 112 43 avril
731 1458 112 43 1851,
806 1458 62 43 2
831 1458 75 43 p.
869 1458 112 43 in-8.
944 1458 62 43 2
956 1458 50 43 50

156 1487 85 53 Il
198 1487 155 53 propose
311 1487 184 53 d’envoyer
453 1487 71 53 à
481 1487 226 53 l’Exposition
665 1487 85 53 de
707 1487 155 53 Londres
820 1487 99 53 une
877 1487 141 53 statue
976 1487 85 53 en
1004 1487 113 53 bronze

125 1532 87 43 de
169 1532 102 43 son
213 1532 174 43 Spartacus.

130 1554 134 52 23230
219 1554 178 52 FRANÇAIS
353 1554 89 52 DE
397 1554 148 52 NANTES
501 1554 104 52 (le
561 1554 134 52 comte
650 1554 193 52 Antoine),
798 1554 223 52 littérateur
976 1554 89 52 et
1006 1554 104 52 homme

120 1601 158 40 d’Etat,
234 1601 143 40 membre
335 1601 86 40 de
378 1601 215 40 l’Assemblée
550 1601 229 40 législative,
736 1601 86 40 né
779 1601 72 40 à
808 1601 215 40 Beaurepaire
966 1601 143 40 (Isère).

137 1636 92 41 L.
198 1636 62 41 a.
229 1636 113 41 s.
311 1636 92 41 1832,
373 1636 51 41 1
393 1636 62 41 p.
424 1636 92 41 in-4.
485 1636 92 41 Jolie
547 1636 113 41 lettre.
629 1636 51 41 2
639 1636 41 41 50

132 1670 110 47 23237
205 1670 146 47 FRÉDÉRIC
314 1670 85 47 II,
363 1670 85 47 roi
412 1670 73 47 de
448 1670 134 47 Prussé,
546 1670 85 47 dit
595 1670 110 47 le
668 1670 170 47 Grand
802 1670 122 47 Lettre
887 1670 73 47 de
923 1670 61 47 4
948 1670 122 47 lignes
1021 1670 85 47 sig.,

119 1711 88 34 en
163 1711 191 34 français,
310 1711 73 34 à
340 1711 88 34 M.
384 1711 88 34 de
428 1711 132 34 Voss;
516 1711 176 34 Potsdam,
648 1711 88 34 31
692 1711 132 34 janv.
781 1711 132 34 1784,
869 1711 103 34 1/4
928 1711 88 34 de
972 1711 88 34 p.
1001 1711 103 34 in

133 1737 87 46 Jolie
191 1737 96 46 pièce.
259 1737 48 46 7
268 1737 29 46 »

122 1774 114 39 23238
198 1774 127 39 FRÉRON
287 1774 203 39 (Stanislas),
452 1774 178 39 publiciste
592 1774 76 39 et
630 1774 228 39 conventionnel,
820 1774 76 39 le
858 1774 102 39 chef
922 1774 76 39 de
960 1774 76 39 la
985 1774 127 39 Jéunesse

132 1813 77 41 dorée.
186 1813 69 41 L.
232 1813 46 41 a.
255 1813 77 41 s.
309 1813 38 41 à
325 1813 69 41 David
371 1813 115 41 (l’illustre
463 1813 100 41 peintre);
540 1813 100 41 Sans-Nom,
617 1813 100 41 ci-devant
686 1813 46 41 Mar-

122 1845 136 46 seille,
221 1845 74 46 12
258 1845 149 46 pluviôse
370 1845 74 46 an
407 1845 87 46 II,
456 1845 62 46 1
481 1845 74 46 p.
518 1845 87 46 1/2
568 1845 112 46 in-4.
642 1845 62 46 7
655 1845 37 46 «

156 1874 156 45 Curieuse
273 1874 143 45 épître,
377 1874 78 45 où
416 1874 78 45 il
455 1874 91 45 lui
507 1874 182 45 recommande
650 1874 156 45 Lacroix,
767 1874 169 45 rédacteur
897 1874 78 45 du
923 1874 182 45 Jour

129 1910 125 46 nal
216 1910 187 46 républicain
366 1910 75 46 de
403 1910 237 46 Marseille,
603 1910 87 46 qui
653 1910 75 46 se
691 1910 100 46 rend
753 1910 62 46 à
778 1910 125 46 Paris.
866 1910 125 46 «J’ai,
953 1910 137 46 dit-il,
1041 1910 62 46 ton

120 1946 158 45 tableau
235 1946 101 45 des
292 1946 158 45 Horaces
407 1946 115 45 dans
479 1946 86 45 le
522 1946 115 45 cœur
594 1946 86 45 et
637 1946 115 45 sous
709 1946 101 45 les
752 1946 144 45 yeux...»

130 1982 111 47 23239
204 1982 136 47 GEORGES
302 1982 99 47 III,
364 1982 86 47 roi
413 1982 210 47 d’Angleterre.
586 1982 62 47 —
611 1982 74 47 1°
648 1982 111 47 L.
722 1982 123 47 a.
808 1982 99 47 sig.
870 1982 74 47 G.
907 1982 86 47 R.;
956 1982 148 47 Windsor,
1055 1982 49 47 21

125 2020 103 42 déc.
189 2020 116 42 1790,
267 2020 90 42 1/4
318 2020 77 42 de
357 2020 77 42 p.
395 2020 116 42 in-4.
472 2020 64 42 —
498 2020 77 42 20
536 2020 116 42 L.
614 2020 141 42 a.
716 2020 77 42 27
755 2020 116 42 avril
832 2020 116 42 1790,
909 2020 64 42 1
935 2020 77 42 p.
973 2020 90 42 pl.
1012 2020 90 42 in

130 2056 79 45 Jolie
183 2056 88 45 pièce.
244 2056 53 45 25
262 2056 26 45 »

130 2091 101 46 23240
197 2091 124 46 GEORGES
287 2091 113 46 WEIMER
366 2091 124 46 (Mlle),
457 2091 68 46 la
490 2091 124 46 célèbre
581 2091 180 46 tragédienne.
727 2091 101 46 L.
795 2091 68 46 a.
828 2091 124 46 s.
919 2091 56 46 2
941 2091 68 46 p.
964 2091 56 46 pl.

125 2126 97 49 in-8.
190 2126 152 49 Très-jolie
309 2126 119 49 lettre.
396 2126 54 49 3
407 2126 43 49 50
