1149 2242
556 34 37 49 —
570 34 37 49 2
578 34 22 49 —

128 78 106 69 23143
199 78 106 69 ARAGO
269 78 118 69 (Fr.),
352 78 141 69 illustre
457 78 129 69 savant,
551 78 118 69 membre
634 78 71 69 de
669 78 176 69 l’Institut.
810 78 106 69 L.
881 78 71 69 a.
916 78 118 69 s.
998 78 59 69 à
1022 78 71 69 M.
1045 78 59 69 Ba-

124 136 122 38 voux;
206 136 81 38 16
247 136 109 38 août
314 136 122 38 1840,
396 136 68 38 1
423 136 81 38 p.
464 136 95 38 pl.
518 136 122 38 in-4.
599 136 122 38 Belle
681 136 149 38 lettre.
789 136 203 38 Très-légère
938 136 163 38 déchirure.

1008 169 99 45 3
1028 169 79 45 50

119 198 127 51 23144
204 198 170 51 AUGEREAU
331 198 99 51 (P.
388 198 99 51 Fr.
444 198 127 51 Ch.),
529 198 99 51 duc
586 198 99 51 de,
642 198 226 51 Castiglione,
826 198 170 51 maréchal
953 198 85 51 de
982 198 127 51 France.

125 238 115 43 P.
202 238 76 43 s.
240 238 166 43 Augereau,
367 238 89 43 duc
418 238 76 43 de
456 238 255 43 Castiglione;
673 238 115 43 Lyon,
749 238 89 43 1er
800 238 102 43 août
864 238 115 43 1814,
940 238 89 43 1/2
991 238 76 43 p.
1017 238 89 43 in

136 269 119 49 cachet.
223 269 98 49 Jolie
288 269 108 49 pièce.
364 269 54 49 5
375 269 33 49 »

126 290 124 59 23145
209 290 137 59 AUGIER
305 290 165 59 (Émile),
429 290 151 59 célèbre
539 290 137 59 auteur
635 290 206 59 dramatique,
800 290 82 59 de
841 290 151 59 l’Acad.
951 290 96 59 fr.
992 290 110 59 Billet

125 338 89 52 aut.
181 338 100 52 sig.,
247 338 78 52 1/2
292 338 67 52 p.
325 338 111 52 in-12.
403 338 56 52 1
414 338 45 52 50

130 378 99 51 23146
196 378 110 51 BALZAC
273 378 77 51 (H.
318 378 88 51 de),
373 378 66 51 le
406 378 121 51 célèbre
494 378 132 51 écrivain
593 378 188 51 contemporain.
748 378 99 51 L.
814 378 121 51 a.
902 378 88 51 sig.
958 378 99 51 De
1013 378 88 51 B.

131 411 67 44 1/2
170 411 58 44 p.
199 411 87 44 in-8.
257 411 48 44 4
266 411 29 44 »

120 428 119 55 23147
199 428 158 55 BARGINET
318 428 132 55 (Alex.
410 428 158 55 Pierre),
529 428 171 55 romancier
661 428 79 55 et
700 428 198 55 journaliste
858 428 145 55 libéral
964 428 79 55 de
1003 428 79 55 la
1030 428 79 55 Res-

122 483 173 41 tauration,
257 483 74 41 né
294 483 62 41 à
319 483 161 41 Grenoble.
443 483 111 41 L.
517 483 74 41 a.
554 483 123 41 s.
640 483 74 41 (à
677 483 173 41 Ladvocat);
813 483 123 41 Paris,
899 483 74 41 28
937 483 99 41 nov.
986 483 111 41 (1828),

126 510 49 49 2
146 510 59 49 p.
175 510 69 49 1/4
214 510 88 49 in-4.
273 510 49 49 5
283 510 39 49 50

153 552 142 43 Épître
252 552 113 43 fort
323 552 184 43 curieuse,
465 552 85 43 où
507 552 85 43 il
550 552 142 43 expose
649 552 71 43 à
677 552 170 43 Ladvocat
805 552 85 43 le
847 552 113 43 plan
918 552 113 43 d’un
975 552 128 43 ouvrage

124 584 212 50 historique,
293 584 127 50 fruit
378 584 85 50 de
421 584 141 50 quinze
520 584 141 50 années
619 584 85 50 de
661 584 170 50 travaux,
788 584 85 50 et
830 584 99 50 qui
887 584 113 50 doit
958 584 127 50 jeter
1028 584 71 50 une

126 617 148 49 lumière
233 617 162 49 nouvelle
355 617 94 49 sur
409 617 121 49 notre
490 617 162 49 histoire
611 617 189 49 nationale.
760 617 81 49 Il
800 617 121 49 parle
881 617 81 49 de
922 617 175 49 l’ouvrage
1043 617 54 49 de

127 652 78 54 M.
166 652 78 54 de
205 652 142 54 Barante
308 652 207 54 (Histoire
477 652 91 54 des
528 652 104 54 ducs
593 652 78 54 de
632 652 246 54 Bourgogne)
839 652 104 54 qui,
904 652 129 54 n’est,
981 652 117 54 dit

122 687 176 39 «d’après
254 687 102 39 les
313 687 190 39 principes
459 687 102 39 que
518 687 117 39 j’ai
591 687 132 39 créés
679 687 102 39 par
737 687 88 39 la
781 687 132 39 seule
869 687 190 39 puissance
1015 687 88 39 de
1044 687 59 39 ma

123 713 154 51 raison,
235 713 98 51 que
291 713 154 51 l’œuvre
403 713 112 51 d’un
473 713 126 51 homme
557 713 196 51 d’esprit.»
711 713 70 51 —
739 713 154 51 Détails
837 713 266 51 très

118 751 94 45 sur
171 751 94 45 ses
225 751 121 45 idées
305 751 80 45 et
346 751 94 45 ses
386 751 134 45 projets.

121 792 120 50 23148
201 792 134 50 BARROT
294 792 174 50 (Odilon),
428 792 147 50 célèbre
535 792 120 50 homme
615 792 134 50 d’État
709 792 80 50 et
749 792 214 50 représentant
922 792 80 50 du
962 792 134 50 peuple
1043 792 53 50 en

118 822 111 50 1848.
192 822 111 50 L.
266 822 74 50 a.
303 822 136 50 s.
402 822 99 50 avec
464 822 136 50 ratures
563 822 74 50 et
600 822 161 50 correct.;
723 822 74 50 17
760 822 87 50 mai
810 822 111 50 1863,
884 822 74 50 15
921 822 74 50 p.
958 822 111 50 in-4.
1032 822 62 50 7
1045 822 49 50 50

149 857 144 42 Lettre
249 857 187 42 curieuse;
393 857 173 42 imprimée
523 857 115 42 dans
595 857 101 42 les
652 857 187 42 journaux,
796 857 115 42 dans
868 857 173 42 laquelle
997 857 86 42 il
1026 857 72 42 ac-

117 891 121 53 cepte
197 891 80 53 la
237 891 201 53 candidature
398 891 94 53 qui
452 891 94 53 lui
505 891 94 53 est
559 891 147 53 offerte
666 891 94 53 par
720 891 94 53 des
773 891 255 53 Strasbourgeois,
988 891 80 53 et
1015 891 80 53 fait

121 930 131 49 savoir
212 930 131 49 quelle
304 930 104 49 sera
369 930 91 49 son
421 930 157 49 attitude
539 930 78 49 au
578 930 118 49 Corps
643 930 170 49 législatif.

121 961 125 52 23149
205 961 125 52 BARTH
288 961 195 52 (Georges),
442 961 153 52 célèbre
553 961 181 52 voyageur,
693 961 125 52 connu
776 961 98 52 par
832 961 98 52 ses
888 961 209 52 découvertes
1041 961 56 52 en

124 993 126 55 Afrique.
218 993 94 55 L.
281 993 63 55 a.
312 993 115 55 s.
396 993 52 55 9
417 993 84 55 déc.
469 993 94 55 1837,
532 993 52 55 1
553 993 63 55 p.
584 993 94 55 in-8.
647 993 52 55 5
658 993 31 55 »

115 1033 108 54 23150
187 1033 169 54 BAUDELAIRE
320 1033 169 54 (Charles),
452 1033 132 54 célèbre
548 1033 120 54 poëte,
633 1033 120 54 auteur
717 1033 84 54 des
765 1033 157 54 Fleurs
886 1033 120 54 du
958 1033 60 54 mal

115 1070 93 52 L.
177 1070 62 52 a.
208 1070 114 52 s.
290 1070 62 52 15
321 1070 83 52 déc.
373 1070 93 52 1859,
435 1070 52 52 1
455 1070 62 52 p.
486 1070 72 52 pl.
527 1070 93 52 in-8.
589 1070 52 52 2
600 1070 41 52 50

113 1104 108 47 23151
185 1104 180 47 BEAUHARNAIS
329 1104 156 47 (Eugène),
450 1104 144 47 vice-roi
558 1104 156 47 d’Italie.
678 1104 108 47 L.
750 1104 72 47 a.
786 1104 120 47 s.
871 1104 60 47 à
895 1104 72 47 la
931 1104 144 47 duchesse
1027 1104 60 47 (de

111 1141 161 50 Raguse);
231 1141 174 50 Ismaning,
365 1141 80 50 24
405 1141 107 50 juin
472 1141 120 50 1823,
552 1141 67 50 2
579 1141 80 50 p.
619 1141 94 50 1/2
673 1141 120 50 in-4.
753 1141 80 50 18
780 1141 40 50 »

131 1181 122 42 Jolie
213 1181 149 42 lettre,
322 1181 82 42 où
362 1181 82 42 il
403 1181 122 42 trace
485 1181 95 42 son
539 1181 204 42 itinéraire.
702 1181 82 42 Il
743 1181 82 42 va
784 1181 149 42 d’abord
892 1181 82 42 en
933 1181 136 42 Bohème
1014 1181 82 42 pour

118 1221 81 37 se
159 1221 163 37 rétablir
281 1221 81 37 et
322 1221 149 37 passera
430 1221 81 37 le
471 1221 122 37 reste
552 1221 81 37 de
593 1221 95 37 son
647 1221 122 37 temps
728 1221 108 37 dans
796 1221 95 37 son
850 1221 190 37 tranquille
986 1221 108 37 séjour

115 1250 221 39 d’Eichstett,
294 1250 138 39 «sauf,
391 1250 152 39 dit-il,
501 1250 97 39 une
556 1250 138 39 petite
653 1250 138 39 course
749 1250 124 39 d’une
832 1250 179 39 quinzaine
970 1250 83 39 de
998 1250 97 39 jours

117 1281 101 41 que
174 1281 86 41 je
217 1281 129 41 ferai
304 1281 115 41 avec
376 1281 86 41 ma
419 1281 129 41 femme
505 1281 101 41 sur
563 1281 86 41 le
606 1281 101 41 lac
663 1281 86 41 de
707 1281 187 41 Constance
850 1281 115 41 pour
922 1281 72 41 y
951 1281 129 41 faire
1023 1281 72 41 une

111 1319 121 39 cure
186 1319 90 39 de
231 1319 151 39 raisin
337 1319 121 39 dont
412 1319 90 39 on
457 1319 90 39 me
503 1319 151 39 promet
608 1319 211 39 merveilles
774 1319 121 39 pour
849 1319 90 39 ma
894 1319 196 39 santé...»
1030 1319 45 39 —

116 1346 90 48 Le
161 1346 150 48 prince
266 1346 150 48 Eugène
372 1346 150 48 mourut
477 1346 90 48 le
522 1346 90 48 22
567 1346 165 48 février
687 1346 90 48 de
732 1346 165 48 l’année
853 1346 210 48 suivante.)

105 1387 124 40 23152
188 1387 207 40 BEAUHARNAIS
354 1387 207 40 (Hortense),
520 1387 124 40 reine
603 1387 83 40 de
644 1387 180 40 Hollande,
782 1387 111 40 mère
851 1387 83 40 de
893 1387 166 40 Napoléon
1003 1387 83 40 III.

105 1424 106 42 L.
176 1424 130 42 a.
270 1424 94 42 sig.
329 1424 189 42 Hortense,
483 1424 177 42 protectrice
625 1424 83 42 des
672 1424 130 42 maisons
766 1424 165 42 impériales
896 1424 201 42 Napoléon
1050 1424 35 42 à

103 1455 154 49 Napoléon
219 1455 103 49 Ier;
283 1455 128 49 Paris,
373 1455 77 49 23
411 1455 115 49 janv.
488 1455 115 49 1810,
565 1455 64 49 1
591 1455 77 49 p.
629 1455 141 49 in-fol.
732 1455 77 49 75
758 1455 38 49 »

139 1497 162 45 Superbe
257 1497 162 45 lettre,
375 1497 89 45 où
420 1497 118 45 elle
494 1497 162 45 annonce
612 1497 162 45 qu’elle
730 1497 74 45 a
759 1497 133 45 nommé
848 1497 103 45 Mme
907 1497 89 45 de
936 1497 148 45 Mongelas

96 1524 74 43 à
126 1524 103 43 une
185 1524 132 43 place
273 1524 88 43 de
317 1524 206 43 dignitaire
479 1524 162 43 vacante
596 1524 118 43 dans
670 1524 88 43 la
714 1524 147 43 maison
817 1524 191 43 d’Ecouen.
964 1524 118 43 Elle
1022 1524 74 43 est

99 1565 176 46 d’autant
232 1565 118 46 plus
305 1565 206 46 importante
467 1565 132 46 qu’en
555 1565 132 46 marge
643 1565 88 46 se
687 1565 176 46 trouvent
819 1565 118 46 DEUX
893 1565 147 46 LIGNES
981 1565 103 46 AUTO-

109 1595 160 39 GRAPHES
225 1595 160 39 SIGNÉES
341 1595 102 39 NP.
399 1595 87 39 DE
442 1595 174 39 NAPOLÉON
558 1595 87 39 Ier.

106 1620 114 52 23153
182 1620 202 52 BEAUMARCHAIS
347 1620 89 52 (P.
397 1620 101 52 Aug.
460 1620 114 52 CARON
536 1620 101 52 de),
600 1620 152 52 l’auteur
713 1620 76 52 du
751 1620 177 52 Mariagé
890 1620 76 52 de
916 1620 164 52 Figaro

104 1665 103 46 L.
172 1665 137 46 as.
275 1665 57 46 à
297 1665 68 46 M.
332 1665 160 46 Perregaux;
457 1665 114 46 Paris,
537 1665 68 46 14
571 1665 114 46 juill.
651 1665 103 46 1787,
720 1665 57 46 1
742 1665 68 46 p.
777 1665 103 46 in-4.
845 1665 68 46 15
868 1665 34 46 »

143 1699 172 52 Très-belle
278 1699 123 52 lettre
364 1699 123 52 signée
450 1699 147 52 Caron
560 1699 74 52 de
585 1699 233 52 Beaumarchais

102 1734 109 68 23154
174 1734 145 68 BEAUVAU,
283 1734 229 68 (Charles-Juste,
476 1734 121 68 prince
561 1734 97 68 de),
621 1734 145 68 maréchal
730 1734 72 68 de
766 1734 133 68 France,
850 1734 109 68 gouver-

106 1785 104 39 neur
171 1785 78 39 de
210 1785 170 39 Provence,
341 1785 131 39 membre
432 1785 78 39 de
471 1785 144 39 l’Acad.
576 1785 104 39 fr.,
641 1785 78 39 né
680 1785 65 39 à
706 1785 183 39 Lunéville.
850 1785 117 39 L.
928 1785 131 39 a
1020 1785 78 39 s.
1046 1785 39 39 à

107 1817 125 52 Grosley
197 1817 79 52 (le
243 1817 136 52 savant);
344 1817 170 52 Versailles,
480 1817 68 52 30
514 1817 91 52 juin
571 1817 102 52 1775,
639 1817 57 52 1
661 1817 68 52 p.
695 1817 79 52 1/2
741 1817 102 52 in-4.
797 1817 136 52 Très

94 1848 111 44 lettre.

116 1885 119 45 23155
195 1885 159 45 BEAUVOIR
314 1885 132 45 (Roger
407 1885 106 45 de),
473 1885 132 45 fécond
565 1885 185 45 romancier.
711 1885 132 45 Dessin
803 1885 79 45 au
843 1885 132 45 crayon
936 1885 132 45 signé,
1015 1885 66 45 re-

106 1921 172 49 présentant
241 1921 74 49 un
278 1921 135 49 castel,
376 1921 61 49 1
400 1921 74 49 p.
437 1921 111 49 in-4.
511 1921 61 49 5
523 1921 37 49 »

114 1954 124 55 23156
197 1954 165 55 BELLISLE
320 1954 96 55 (le
375 1954 96 55 duc
430 1954 110 55 de),
499 1954 165 55 maréchal
623 1954 82 55 de
664 1954 151 55 France,
774 1954 137 55 membre
870 1954 82 55 de
911 1954 151 55 l’Acad.
1007 1954 69 55 fr.

108 1993 107 40 L.
180 1993 131 40 s.
275 1993 95 40 avec
334 1993 71 40 un
370 1993 238 40 post-scriptum
572 1993 107 40 d’une
644 1993 95 40 page
703 1993 190 40 autogr,
858 1993 71 40 au
894 1993 131 40 marquis
989 1993 71 40 de
1013 1993 71 40 Lan-

105 2029 140 42 geron;
203 2029 112 42 camp
273 2029 84 42 de
316 2029 126 42 Nice,
400 2029 70 42 2
428 2029 126 42 sept.
512 2029 126 42 1747,
597 2029 70 42 3
625 2029 84 42 p.
667 2029 98 42 1/4
723 2029 126 42 in-4.
807 2029 239 42 Intéressante.
1004 2029 70 42 2
1018 2029 56 42 50

100 2063 123 54 23157
182 2063 137 54 BELLOY
278 2063 96 54 (J.
333 2063 96 54 B.,
387 2063 164 54 cardinal
510 2063 109 54 de),
579 2063 137 54 évêque
674 2063 82 54 de
715 2063 191 54 Marseille,
865 2063 109 54 puis
920 2063 164 54 archevêque

102 2106 75 42 de
139 2106 125 42 Paris.
226 2106 112 42 L.
301 2106 137 42 s.
401 2106 75 42 en
438 2106 150 42 italien,
550 2106 100 42 avec
613 2106 75 42 la
650 2106 175 42 souscript.
787 2106 112 42 aut.,
862 2106 75 42 au
899 2106 150 42 cardinal
999 2106 75 42 Con-

106 2146 123 43 salvi;
192 2146 123 43 Paris,
277 2146 74 43 15
314 2146 110 43 janv.
388 2146 110 43 1804,
461 2146 61 43 1
486 2146 74 43 p.
523 2146 135 43 in-fol.
621 2146 172 43 Très-belle
756 2146 135 43 lettre.
854 2146 61 43 5
866 2146 49 43 50
