1227 2200
483 15 136 68 —
537 15 163 68 13
592 15 82 68 —

36 71 161 75 23321
143 71 196 75 REGNAUD
286 71 107 75 DE
339 71 250 75 SAINT-JEAN
536 71 214 75 D’ANGELY
696 71 125 75 (le
767 71 196 75 comte),
910 71 214 75 maréchal
1053 71 71 75 de

137 126 150 46 France,
247 126 191 46 commandant
397 126 82 46 la
438 126 123 46 garde
520 126 191 46 impériale.
671 126 123 46 L.
753 126 82 46 a.
794 126 150 46 s.
903 126 123 46 1855,
985 126 96 46 3/4
1040 126 82 46 de
1067 126 55 46 p.

144 162 65 39 in-8.
187 162 36 39 3
194 162 29 39 50

141 173 127 63 23322
225 173 113 63 RETZ
296 173 155 63 (Albert
408 173 84 63 de
451 173 141 63 GONDY,
549 173 99 63 duc
605 173 113 63 de),
676 173 169 63 maréchal
802 173 84 63 de
845 173 155 63 France,
957 173 169 63 créature
1070 173 56 63 de

140 226 166 37 Catherine
268 226 76 37 de
306 226 153 37 Médicis,
420 226 89 37 qui
471 226 140 37 l’amena
573 226 102 37 avec
637 226 102 37 elle
701 226 76 37 en
739 226 140 37 France.
841 226 115 37 P.
917 226 140 37 s.
1019 226 89 37 sur
1057 226 64 37 vé-

139 252 114 50 lin,
210 252 114 50 avec
281 252 114 50 deux
352 252 142 50 lignes
452 252 171 50 autogr.;
580 252 85 50 12
622 252 114 50 mars
693 252 128 50 1576,
779 252 100 50 1/2
836 252 85 50 p.
878 252 114 50 in-4
949 252 156 50 oblong,
1049 252 71 50 ca-

148 298 99 47 chet.
214 298 99 47 Jolie
280 298 110 47 pièce.
356 298 55 47 6
367 298 33 47 »

144 318 108 61 23323
216 318 132 61 RISTORI
312 318 180 61 (Adélaïde),
455 318 72 61 la
491 318 120 61 grande
575 318 192 61 tragédienne.
731 318 108 61 L.
803 318 72 61 a.
839 318 120 61 s.
922 318 72 61 (à
958 318 108 61 Jules
1018 318 108 61 Janin),

172 369 43 51 1
190 369 51 51 p.
215 369 60 51 pl.
250 369 77 51 in-8.
301 369 51 51 10
318 369 26 51 »

175 384 182 59 Charmante
315 384 154 59 épître,
427 384 84 59 où
469 384 112 59 elle
539 384 84 59 le
581 384 168 59 remercie
706 384 168 59 vivement
832 384 112 59 d’un
902 384 84 59 de
944 384 98 59 ses
986 384 140 59 articles

150 427 80 53 et
190 427 160 53 s’excuse
310 427 80 53 de
349 427 80 53 ne
389 427 147 53 pouvoir
496 427 120 53 aller
576 427 80 53 le
616 427 120 53 voir,
696 427 80 53 vu
736 427 147 53 qu’elle
842 427 107 53 doit
909 427 147 53 réciter
1015 427 80 53 ce
1042 427 80 53 soir

148 471 70 45 le
183 471 151 45 troisième
299 471 93 45 acte
357 471 70 45 de
392 471 139 45 Marie
485 471 151 45 Stuart

151 504 106 49 23324
222 504 94 49 RIVE
281 504 129 49 (l’abbé
375 504 71 49 J.
410 504 94 49 J.),
469 504 118 49 savant
551 504 200 49 bibliographe,
716 504 118 49 auteur
798 504 71 49 de
834 504 71 49 la
869 504 153 49 Chasse
987 504 82 49 aux
1022 504 106 49 bi

144 532 230 51 bliographes
336 532 77 51 et
374 532 192 51 antiquaires
528 532 89 51 mal
579 532 153 51 advisés.
694 532 77 51 L.
732 532 77 51 a.
770 532 128 51 s.
860 532 77 51 au
898 532 115 51 comte
975 532 102 51 ...;
1026 532 102 51 Paris,

149 574 73 46 15
185 574 98 46 juin
246 574 110 46 1782,
320 574 61 46 1
344 574 73 46 p.
381 574 85 46 pl.
429 574 110 46 in-4.
502 574 195 46 Rare
661 574 73 46 13
685 574 37 46 »

181 604 157 54 Superbe
295 604 143 54 lettre
395 604 157 54 d’envoi
510 604 86 54 du
553 604 200 54 prospectus
710 604 86 54 de
753 604 100 54 son
796 604 143 54 ouvrage.

150 640 102 53 23325
218 640 102 53 ROHAN
286 640 136 53 (Armand,
388 640 136 53 cardinal
491 640 91 53 de),
548 640 114 53 évêque
627 640 68 53 de
661 640 171 53 Strasbourg,
786 640 148 53 grand-

153 678 100 54 nier
215 678 75 54 de
252 678 137 54 France,
352 678 125 54 membre
440 678 75 54 de
477 678 137 54 l’Acad.
577 678 87 54 fr.
627 678 112 54 L.
702 678 137 54 s.
802 678 75 54 en
840 678 150 54 italien,
952 678 100 54 avec
1015 678 75 54 la
1040 678 87 54 sous-

158 715 78 48 cript.
213 715 70 48 aut.,
260 715 47 48 au
283 715 70 48 pape;
330 715 78 48 Paris,
385 715 55 48 1er
416 715 62 48 déc.
455 715 70 48 1727,
502 715 39 48 3
517 715 47 48 p.
541 715 86 48 in-fol.
603 715 109 48 Très-belle
682 715 62 48 lettre

155 759 73 42 de
191 759 195 42 compliments.
349 759 61 42 5
362 759 36 42 »

153 759 117 73 23326
231 759 117 73 ROMME
309 759 117 73 (G.),
387 759 221 73 conventionnel
569 759 195 73 montagnard,
725 759 78 73 un
764 759 91 73 des
816 759 143 73 auteurs
920 759 78 73 du
946 759 182 73 Calen-

155 819 193 46 lendrier
310 819 258 46 républicain
529 819 168 46 compromis
658 819 103 46 dans
722 819 90 46 les
774 819 155 46 journées
890 819 77 46 de
929 819 155 46 prairial
1045 819 77 46 et
1071 819 64 46 dé-

150 844 162 58 capité.
268 844 133 58 L.s.;
357 844 147 58 Abrac,
460 844 88 58 17
504 844 192 58 thermidor
652 844 88 58 an
696 844 103 58 II,
755 844 74 58 1
784 844 88 58 p.
828 844 133 58 in-4,
917 844 118 58 tête
991 844 133 58 impr.
1079 844 74 58 4
1094 844 44 58 »

150 870 121 68 23327
230 870 135 68 RONSIN
325 870 108 68 (Ch.
392 870 121 68 Ph.),
473 870 121 68 poëte
554 870 81 68 et
595 870 135 68 auteur
689 870 202 68 dramatique,
851 870 148 68 général
959 870 81 68 en
999 870 121 68 chef,
1067 870 67 68 dé-

160 922 112 58 capité
238 922 67 58 en
272 922 101 58 1794.
339 922 101 58 L.
407 922 67 58 a.
440 922 123 58 s.
530 922 90 58 sig.
586 922 101 58 aussi
654 922 79 58 par
698 922 101 58 de
766 922 224 58 Saint-Firmin
956 922 112 58 Paris,
1035 922 67 58 16
1057 922 79 58 sept.

160 959 95 49 1789,
223 959 53 49 3
244 959 63 49 p.
275 959 95 49 in-4.
338 959 137 49 Curieuse.
443 959 168 49 Rare
580 959 53 49 7
590 959 42 49 50

547 974 76 59 23328
597 974 126 59 SAINT-ANDRÉ
698 974 126 59 (Jean-Bon),
799 974 92 59 célèbre
866 974 143 59 conventionnel
983 974 50 59 et
1009 974 126 59 commissaire
1101 974 42 59 aux

538 1021 84 63 armées.
599 1021 68 63 L.
645 1021 46 63 a.
668 1021 84 63 s.
729 1021 91 63 Mayence,
797 1021 46 63 29
820 1021 68 63 sept.
866 1021 68 63 1813,
911 1021 38 63 2
927 1021 46 63 p.
949 1021 68 63 in-4.
995 1021 68 63 Belle
1041 1021 46 63 et
1056 1021 76 63 intéres-

163 1069 86 46 sante
220 1069 105 46 lettre.
296 1069 48 46 4
305 1069 38 46 50

162 1085 120 69 23329
242 1085 241 69 SAINT-EVREMOND
443 1085 107 69 (Ch.
509 1085 80 69 M.
550 1085 107 69 de),
616 1085 147 69 célèbre
723 1085 161 69 écrivain
844 1085 80 69 et
884 1085 94 69 bel
937 1085 134 69 esprit
1031 1085 80 69 du
1058 1085 80 69 dix-

162 1128 139 55 septième
267 1128 127 55 siècle.
359 1128 104 55 L.
429 1128 69 55 a.
463 1128 116 55 s.
544 1128 58 55 à
567 1128 116 55 l’abbé
648 1128 69 55 de
683 1128 197 55 Hautefeuille;
845 1128 69 55 19
880 1128 162 55 septembre,
1007 1128 58 55 3
1019 1128 46 55 p.

168 1178 60 60 pl.
203 1178 77 60 in-8.
254 1178 51 60 28
271 1178 26 60 »

190 1179 121 82 Jolie
270 1179 148 82 lettre,
377 1179 80 82 où
418 1179 80 82 il
458 1179 121 82 parle
538 1179 80 82 de
578 1179 94 82 ses
632 1179 161 82 affaires
753 1179 80 82 et
793 1179 80 82 de
833 1179 94 82 ses
873 1179 148 82 ouvrages.

164 1235 109 59 23330
237 1235 182 59 SAINT-SIMON
382 1235 85 59 (H.
430 1235 97 59 de),
491 1235 73 59 le
527 1235 97 59 chef
587 1235 73 59 de
624 1235 73 59 la
660 1235 109 59 secte
733 1235 85 59 qui
781 1235 109 59 porte
854 1235 85 59 son
902 1235 97 59 nom.
963 1235 109 59 L.
1035 1235 73 59 a.
1059 1235 85 59 s

177 1286 77 48 1/2
221 1286 66 48 p.
254 1286 99 48 in-4.
320 1286 99 48 Belle
385 1286 110 48 pièce.
462 1286 55 48 5
473 1286 44 48 50

168 1307 98 72 23331
234 1307 131 72 SAINTINE
332 1307 76 72 (X.
375 1307 87 72 B.),
430 1307 131 72 l’auteur
528 1307 65 72 de
561 1307 175 72 Picciola.
703 1307 65 72 L.
736 1307 65 72 a.
768 1307 120 72 s.
856 1307 98 72 1841,
921 1307 76 72 1/2
965 1307 65 72 p.
987 1307 76 72 in

1064 1337 84 42 2
1081 1337 67 42 25

249 1351 91 94 23332
310 1351 81 94 SAND
360 1351 131 94 (George),
461 1351 91 94 notre
522 1351 111 94 célèbre
603 1351 152 94 romancière.
724 1351 91 94 L.
785 1351 111 94 a.
866 1351 81 94 sig.
916 1351 91 94 A.
967 1351 182 94 Dupin

169 1403 201 63 Sand
333 1403 75 63 au
370 1403 163 63 président
496 1403 75 63 de
533 1403 75 63 la
571 1403 138 63 Société
671 1403 88 63 des
721 1403 100 63 gens
784 1403 75 63 de
822 1403 151 63 lettres;
935 1403 138 63 Nohant,
1035 1403 75 63 15
1060 1403 88 63 févr.

173 1459 100 48 1848,
240 1459 56 48 1
262 1459 67 48 p.
295 1459 100 48 in-8.
362 1459 67 48 14
385 1459 33 48 »

203 1455 117 84 Pièce
281 1455 104 84 fort
346 1455 156 84 curieuse
463 1455 91 84 par
515 1455 91 84 son
567 1455 143 84 contenu
671 1455 78 84 et
710 1455 91 84 par
762 1455 78 84 sa
801 1455 182 84 signature.
944 1455 117 84 C’est
1022 1455 78 84 la
1048 1455 104 84 lettre

165 1511 108 65 par
226 1511 186 65 laquelle
366 1511 108 65 Mme
427 1511 155 65 George
536 1511 124 65 Sand
613 1511 139 65 donne
706 1511 93 65 sa
752 1511 201 65 démission
907 1511 93 65 de
953 1511 155 65 membre
1061 1511 93 65 de
1092 1511 62 65 la

169 1560 150 60 Société
279 1560 96 60 des
333 1560 109 60 gens
402 1560 82 60 de
429 1560 137 60 lettres.

174 1567 102 76 23333
241 1567 113 76 SARDOU
320 1567 113 76 (Ven),
400 1567 135 76 l’auteur
501 1567 68 76 de
535 1567 102 76 La
603 1567 124 76 Famille
693 1567 147 76 Benoiton.
806 1567 68 76 L.
840 1567 68 76 a.
874 1567 124 76 s.
964 1567 79 76 3/4
1009 1567 68 76 de
1032 1567 45 76 p.

182 1638 67 41 in-8.
226 1638 37 41 3
234 1638 22 41 »

176 1641 125 69 23334
259 1641 181 69 SCHOMBERG
398 1641 139 69 (Henri
496 1641 111 69 de),
565 1641 167 69 maréchal
690 1641 83 69 de
732 1641 153 69 France,
843 1641 195 69 gouverneur
996 1641 83 69 de
1024 1641 125 69 Guyenne

174 1706 107 48 P.
246 1706 131 48 s.
341 1706 71 48 18
377 1706 107 48 janv.
448 1706 107 48 1629,
520 1706 60 48 3
543 1706 71 48 p.
579 1706 107 48 in-4.
651 1706 107 48 Belle
722 1706 119 48 pièce.
805 1706 60 48 5
817 1706 36 48 »

177 1725 106 64 23335
248 1725 129 64 SCUDÉRY
341 1725 164 64 (Madeleine
470 1725 94 64 de),
529 1725 129 64 célèbre
623 1725 188 64 femme-auteur
775 1725 70 64 du
799 1725 164 64 dix

176 1762 124 57 siècle,
266 1762 146 57 surnommée
378 1762 67 57 la
412 1762 135 57 Sapho
513 1762 180 57 moderne
659 1762 79 57 née
704 1762 67 57 au
737 1762 112 57 Havre.
816 1762 79 57 Fin
861 1762 67 57 de
883 1762 90 57 lettre

179 1808 93 46 aut.
237 1808 93 46 sig.
295 1808 70 46 (à
330 1808 116 46 Huet),
411 1808 58 46 1
434 1808 70 46 p.
469 1808 81 46 3/4
516 1808 104 46 in-4.
585 1808 70 46 55
608 1808 35 46 »

211 1822 189 73 Très-jolie
359 1822 148 73 lettre,
467 1822 81 73 où
507 1822 108 73 elle
575 1822 121 73 parle
656 1822 108 73 d’un
723 1822 148 73 ouvrage
831 1822 81 73 de
872 1822 175 73 Pellisson
1007 1822 81 73 et
1047 1822 108 73 cite
1101 1822 54 73 ce

176 1880 176 59 quatrain
308 1880 88 59 de
352 1880 88 59 M.
396 1880 147 59 Petit,
499 1880 88 59 de
529 1880 117 59 Rouen:

356 1898 118 57 «Vos
430 1898 118 57 sept
503 1898 118 57 vers
577 1898 147 57 valent
680 1898 88 57 un
710 1898 132 57 volume:

260 1942 140 55 «C’est
358 1942 84 55 du
400 1942 126 55 grand
483 1942 195 55 Montausier
637 1942 84 55 le
679 1942 112 55 plus
749 1942 126 55 riche
818 1942 140 55 tableau.

367 1970 124 51 «Mais,
453 1970 124 51 Sapho,
540 1970 99 51 vous
602 1970 124 51 sçavez
689 1970 112 51 faire
764 1970 112 51 voler
838 1970 74 51 la
863 1970 87 51 plume

353 2009 100 45 «Où
410 2009 85 45 ne
452 2009 114 45 peut
524 2009 128 45 aller
609 2009 85 45 le
637 2009 157 45 pinceau.»

183 2025 92 73 23336
244 2025 82 73 SÈZE
295 2025 72 73 (le
336 2025 92 73 comte
398 2025 61 73 R.
429 2025 82 73 de),
480 2025 113 73 célèbre
562 2025 113 73 avocat,
644 2025 133 73 défenseur
746 2025 61 73 de
777 2025 92 73 Louis
838 2025 82 73 XVI,
879 2025 82 73 membre

184 2084 61 47 de
214 2084 112 47 l’Acad.
295 2084 71 47 fr.
336 2084 91 47 L.
397 2084 61 47 a.
427 2084 101 47 s.
498 2084 51 47 à
519 2084 101 47 l’abbé
590 2084 61 47 de
620 2084 61 47 La
651 2084 142 47 Neufville;
762 2084 101 47 Paris,
833 2084 122 47 mercredi
914 2084 51 47 30.

185 2117 54 61 2
207 2117 65 61 p.
239 2117 76 61 pl.
283 2117 97 61 in-8.
347 2117 97 61 Jolie
412 2117 119 61 lettre.
499 2117 54 61 6
510 2117 43 61 50
