1186 2242
28 31 659 119 LIBRAIRIE
522 31 577 119 ANCIENNE

336 140 186 82 ET
398 140 402 82 AUTOGRAPHES

512 210 102 69 DE

256 284 371 72 JACQUES
520 284 371 72 CHARAVAY

150 349 237 69 Rue
316 349 166 69 des
411 349 497 69 Grands-Augustins,
813 349 189 69 26

356 437 257 56 ÉTIENNE
540 437 257 56 CHARAVAY

203 485 135 64 ÉLÈVE
293 485 90 64 DE
338 485 165 64 L’ÉCOLE
457 485 105 64 DES
517 485 180 64 CHARTES,
652 485 120 64 FILS
727 485 90 64 ET
757 485 194 64 SUCCESSEUR.

34 566 189 72 LIVRES
166 566 226 72 ANCIENS,
336 566 189 72 ACHATS
468 566 113 72 DE
524 566 321 72 BIBLIOTHÈQUES
789 566 113 72 ET
845 566 113 72 DE
883 566 245 72 COLLECTIONS

72 623 359 53 D’AUTOGRAPHES;
371 623 259 53 ÉCHANGES,
571 623 319 53 COMMISSIONS;
830 623 199 53 VENTES
969 623 140 53 AUX
1029 623 100 53 EN-

73 650 168 68 CHÈRES
191 650 218 68 PUBLIQUES
358 650 101 68 DE
408 650 184 68 LETTRES
542 650 251 68 AUTOGRAPHÉS
744 650 218 68 MOYENNANT
894 650 235 68 vingt

73 697 155 56 pour
186 697 184 56 cent
327 697 85 56 ET
370 697 85 56 DE
412 697 155 56 LIVRES,
525 697 184 56 quinze
667 697 113 56 pour
737 697 113 56 cent
808 697 99 56 sur
864 697 85 56 la
907 697 170 56 totalité
1020 697 113 56 de

75 748 146 45 la
172 748 228 45 vente
351 748 81 45 A
384 748 98 45 LA
432 748 163 45 CHARGE
546 748 114 45 DES
611 748 211 45 VENDEURS,
774 748 130 45 TOUT
839 748 163 45 COMPRIS.

281 852 180 50 N°
401 852 160 50 157.
501 852 100 50 —
541 852 220 50 JANVIER
680 852 200 50 1869

414 979 335 74 AUTOGRAPHES.

147 1037 107 61 23135
218 1037 142 61 ACADÉMIE
325 1037 83 61 DES
372 1037 178 61 BEAUX-ARTS.
514 1037 107 61 P.
585 1037 107 61 s
656 1037 83 61 par
704 1037 83 61 les
751 1037 142 61 artistes
858 1037 142 61 suivants
964 1037 59 61 :
976 1037 154 61 Car

239 1089 140 45 tellier,
345 1089 176 45 Garnier,
485 1089 164 45 Quatremère
614 1089 70 45 de
649 1089 129 45 Quincy,
743 1089 152 45 Jeuffroy,
860 1089 164 45 Lebarbier,
977 1089 152 45 Houdon

232 1110 102 51 Gros,
300 1110 193 51 Vernet
459 1110 136 51 (Carle),
561 1110 182 51 Regnault,
709 1110 136 51 Tardieu,
812 1110 159 51 Chérubini,
937 1110 114 51 Catel,
1005 1110 125 51 Ramey

143 1156 112 35 père,
217 1156 187 35 Lesueur,
367 1156 125 35 Lemot,
455 1156 162 35 Galle
580 1156 112 35 aîné,
654 1156 175 35 Dupaty,
792 1156 150 35 Hersent,
904 1156 212 35 Desnoyers
1067 1156 62 35 (le

149 1188 126 41 baron),
240 1188 218 41 Percier
424 1188 184 41 Huyot
574 1188 103 41 etc.;
643 1188 103 41 avril
712 1188 103 41 1823,
781 1188 57 41 2
804 1188 69 41 p.
838 1188 126 41 in-fol.
930 1188 103 41 Belle
999 1188 69 41 et
1022 1188 115 41 curieuse

147 1218 78 38 pièce.
202 1218 47 38 10
218 1218 23 38 »

181 1245 128 60 Toutes
271 1245 89 60 ces
322 1245 179 60 signatures
462 1245 77 60 se
501 1245 153 60 trouvent
616 1245 77 60 en
654 1245 115 60 marge
731 1245 115 60 d’une
807 1245 128 60 lettre
897 1245 77 60 de
923 1245 204 60 Lafond

143 1281 153 43 peintre
241 1281 181 43 d’histoire.

154 1314 80 42 23136
208 1314 89 42 ACHARD
270 1314 116 42 (Amédée),
359 1314 134 42 littérateur
467 1314 54 42 et
493 1314 125 42 romancier.
592 1314 89 42 Soleil
654 1314 116 42 couchant,
734 1314 63 42 pièce

150 1354 84 47 de
192 1354 112 47 vers
262 1354 112 47 aut.
333 1354 127 47 sig.,
417 1354 70 47 1
445 1354 84 47 p.
487 1354 98 47 pl.
544 1354 127 47 in-8.
628 1354 127 47 Jolie
712 1354 141 47 pièce,
811 1354 127 47 faite
895 1354 112 47 pour
965 1354 84 47 un
993 1354 141 47 amateur.

1027 1389 135 43 3
1054 1389 81 43 »

149 1408 122 49 23137
231 1408 109 49 ADAM
299 1408 136 49 (Ad.),
394 1408 149 49 célèbre
502 1408 204 49 compositeur
665 1408 81 49 de
706 1408 163 49 musique,
828 1408 136 49 membre
923 1408 81 49 de
950 1408 177 49 l’Institut.

153 1451 118 36 L.
232 1451 79 36 a.
271 1451 131 36 s.
363 1451 66 36 à
389 1451 79 36 M.
428 1451 79 36 de
468 1451 79 36 La
507 1451 157 36 Pelouze;
625 1451 79 36 18
665 1451 105 36 juin
730 1451 118 36 1848,
809 1451 66 36 2
835 1451 79 36 p.
875 1451 92 36 1/2
927 1451 118 36 in-8.
993 1451 144 36 Charmante

158 1486 85 42 épître.
220 1486 39 42 2
228 1486 31 42 25

153 1501 118 61 23138
231 1501 118 61 AFFRE
310 1501 157 61 (Denis),
427 1501 183 61 archevêque
571 1501 78 61 de
610 1501 118 61 Paris
689 1501 91 61 tué
741 1501 78 61 en
780 1501 105 61 juin
846 1501 118 61 1848.
924 1501 118 61 L.
1002 1501 78 61 a.
1028 1501 105 61 s.

145 1555 158 37 l’abbé
267 1555 170 37 Affre
401 1555 61 37 à
425 1555 73 37 M.
461 1555 146 37 Lazerac;
571 1555 73 37 13
607 1555 97 37 nov.
668 1555 110 37 1836,
741 1555 85 37 3/4
790 1555 73 37 de
827 1555 73 37 p.
863 1555 110 37 in-4.
936 1555 122 37 Peu
1009 1555 122 37 com

147 1590 95 38 mun

151 1618 121 56 23139
231 1618 147 56 AGUIRRE
338 1618 241 56 (Joseph-Saenz,
539 1618 161 56 cardinal
660 1618 107 56 d’),
727 1618 134 56 savant
820 1618 134 56 prélat
914 1618 174 56 espagnol,
1035 1618 107 56 secré-

153 1661 117 39 taire
231 1661 78 39 du
270 1661 155 39 tribunal
386 1661 78 39 du
425 1661 220 39 Saint-Office,
606 1661 142 39 éditeur
710 1661 117 39 d’une
787 1661 220 39 Collection
969 1661 91 39 des
1008 1661 129 39 Con

153 1695 150 35 ciles
266 1695 175 35 d’Espagne.
404 1695 75 35 L.
441 1695 138 35 s.
541 1695 100 35 avec
604 1695 75 35 la
641 1695 175 35 souscript.
779 1695 75 35 de
817 1695 63 35 3
842 1695 125 35 lignes
929 1695 150 35 autogr.;
1029 1695 113 35 Naples,

157 1725 73 39 17
193 1725 110 39 sept.
267 1725 110 39 1695.
340 1725 61 39 1
364 1725 73 39 p.
401 1725 134 39 in-fol.
498 1725 171 39 Très-belle
632 1725 73 39 et
669 1725 195 39 intéressante
827 1725 134 39 lettre.
925 1725 61 39 5
937 1725 49 39 50

156 1763 113 36 23140
231 1763 125 36 ALBRET
318 1763 138 36 (Jeanne
418 1763 100 36 d’),
481 1763 113 36 reine
556 1763 75 36 de
593 1763 150 36 Navarre,
706 1763 100 36 mère
768 1763 75 36 de
806 1763 113 36 Henri
881 1763 88 36 IV.
931 1763 113 36 L.
1006 1763 138 36 s.
1093 1763 50 36 La

155 1796 185 44 Rochelle,
297 1796 85 44 25
340 1796 114 44 mars
411 1796 128 44 1570,
496 1796 100 44 1/2
553 1796 85 44 p.
596 1796 156 44 in-fol.
709 1796 156 44 oblong,
823 1796 142 44 cachet
923 1796 114 44 bien
980 1796 156 44 conservé.

162 1827 129 58 Cette
247 1827 129 58 pièce
333 1827 100 58 est
390 1827 272 58 malheureusement
619 1827 172 58 atteinte
748 1827 100 58 par
805 1827 200 58 l’humidité
962 1827 86 58 et
991 1827 143 58 doublée.

1030 1862 126 37 10
1072 1862 63 37 »

157 1871 115 63 23141
234 1871 102 63 ANNE
298 1871 191 63 D’AUTRICHE,
451 1871 115 63 reine
527 1871 77 63 et
565 1871 140 63 régente
667 1871 77 63 de
706 1871 140 63 France.
808 1871 115 63 L.
884 1871 77 63 s.
922 1871 153 63 Ana
1037 1871 102 63 avec
1088 1871 51 63 la

157 1923 203 55 souscript.
317 1923 131 55 aut.,
404 1923 87 55 en
448 1923 189 55 espagnol,
593 1923 87 55 au
637 1923 102 55 roi
695 1923 203 55 d’Espagne,
855 1923 102 55 son
913 1923 131 55 père;
1000 1923 145 55 Paris,
1087 1923 58 55 27

158 1959 100 43 févr.
225 1959 100 43 1620,
292 1959 56 43 1
314 1959 67 43 p.
347 1959 123 43 in-fol.
436 1959 67 43 20
459 1959 33 43 »

183 1979 131 52 C’est
271 1979 102 52 une
329 1979 146 52 lettre
431 1979 88 52 de
475 1979 88 52 sa
519 1979 175 52 jeunesse
650 1979 88 52 et
694 1979 88 52 où
738 1979 117 52 elle
811 1979 204 52 recommande
971 1979 88 52 le
1015 1979 131 52 sieur
1088 1979 58 52 de

158 2020 153 42 Fargi,
265 2020 229 42 ambassadeur
448 2020 92 42 de
494 2020 153 42 France
601 2020 92 42 en
631 2020 153 42 Espagne.

156 2054 128 52 23142
241 2054 184 52 ANTONELLI
383 2054 99 52 (le
439 2054 170 52 cardinal
567 2054 170 52 Joseph),
694 2054 156 52 premier
808 2054 170 52 ministre
935 2054 85 52 de
978 2054 99 52 Pie
1035 2054 99 52 IX.
1077 2054 71 52 Son

167 2095 245 39 portrait-carte
371 2095 109 39 fixé
440 2095 95 39 sur
494 2095 95 39 une
548 2095 150 39 feuille
657 2095 82 39 de
698 2095 163 39 bristol,
820 2095 109 39 avec
888 2095 82 39 sa
929 2095 177 39 signature
1052 2095 95 39 auto-

158 2125 143 55 graphe
258 2125 86 55 et
301 2125 86 55 la
344 2125 114 55 date
415 2125 86 55 du
458 2125 86 55 26
501 2125 157 55 février
615 2125 129 55 1865,
701 2125 129 55 in-4.
787 2125 200 55 Très-jolie
944 2125 129 55 pièce
1015 2125 129 55 pouvant

161 2161 92 49 être
219 2161 150 49 encadrée.
335 2161 58 49 6
346 2161 35 49 »
