1181 2222
576 27 81 58 —
608 27 97 58 14
641 27 49 58 —

162 79 117 58 23337
240 79 130 58 SIEYÈS
331 79 143 58 (l’abbé
435 79 130 58 Emm.);
526 79 143 58 célèbre
630 79 117 58 homme
709 79 130 58 d’État
800 79 78 58 et
839 79 182 58 directeur,
982 79 78 58 de
1008 79 117 58 l’Acad.

153 132 88 42 fr.
204 132 113 42 L.
279 132 75 42 a.
317 132 125 42 s.
404 132 75 42 au
442 132 138 42 citoyen
542 132 125 42 Simon;
630 132 125 42 Paris,
718 132 75 42 19
756 132 125 42 nivôse
843 132 75 42 an
881 132 75 42 X,
919 132 63 42 1
944 132 75 42 p.
981 132 113 42 in-8.
1044 132 88 42 Jolie

168 164 81 42 pièce.
225 164 41 42 8
233 164 24 42 »

160 187 120 67 23338
240 187 160 67 SISMONDI
360 187 94 67 (J.
413 187 94 67 Ch.
467 187 80 67 L.
507 187 147 67 SIMONDE
614 187 107 67 de),
681 187 147 67 célèbre
788 187 200 67 économiste,
948 187 80 67 un
988 187 94 67 des
1028 187 107 67 histo-

163 238 97 40 riens
228 238 76 40 les
271 238 86 40 plus
325 238 129 40 éminents
422 238 65 40 de
455 238 76 40 son
498 238 108 40 temps,
573 238 65 40 né
606 238 54 40 à
627 238 119 40 Genève.
714 238 54 40 —
735 238 65 40 1°
768 238 108 40 Billet
832 238 65 40 aut.

155 266 114 44 sig.,
231 266 63 44 1
256 266 76 44 p.
294 266 126 44 in-12.
383 266 63 44 —
408 266 76 44 20
446 266 189 44 Nouveaux
597 266 164 44 principes
724 266 177 44 d’économie
863 266 164 44 politique
989 266 76 44 et
1014 266 114 44 con

155 305 229 36 sidérations
346 305 89 36 sur
397 305 76 36 la
435 305 153 36 dernière
550 305 115 36 crise
626 305 178 36 financière
766 305 76 36 et
805 305 191 36 commerciale
957 305 76 36 de
983 305 140 36 l’An

159 334 224 48 gleterre
349 334 123 48 article
439 334 90 48 aut.
495 334 101 48 sig.,
562 334 90 48 avec
618 334 123 48 ratures
708 334 67 48 et
741 334 179 48 corrections;
887 334 123 48 (1827),
977 334 67 48 13
999 334 45 48 p.

159 369 67 40 in-4.
203 369 44 40 12
218 369 22 40 »

191 386 200 58 Très-curieux
353 386 150 58 article,
466 386 75 58 où
503 386 75 58 il
541 386 138 58 annonce
641 386 75 58 la
678 386 150 58 nouvelle
791 386 138 58 édition
891 386 75 58 de
928 386 88 58 ses
966 386 163 58 Nou

161 440 150 37 veaux
273 440 163 37 principes
398 440 175 37 d’économie
536 440 213 37 politique
711 440 75 37 et
748 440 125 37 expose
836 440 88 37 ces
873 440 150 37 principes.

154 475 125 58 23339
237 475 152 58 SOUBISE
348 475 166 58 (Charles
473 475 83 58 de
514 475 138 58 ROHAN,
611 475 138 58 prince
708 475 111 58 de),
777 475 166 58 maréchal
902 475 83 58 de
943 475 152 58 France,
1040 475 97 58 créa-

160 513 106 40 ture
226 513 80 40 de
266 513 93 40 Mme
319 513 80 40 de
359 513 186 40 Pompadour,
505 513 120 40 connu
585 513 93 40 par
638 513 80 40 sa
678 513 146 40 défaite
784 513 80 40 de
824 513 160 40 Rosbach.
944 513 120 40 L.
1010 513 120 40 s.

159 544 108 36 avec
227 544 81 36 un
268 544 270 36 post-scriptum
497 544 81 36 de
538 544 108 36 deux
605 544 122 36 pages
686 544 203 36 autogr
848 544 81 36 au
889 544 149 36 marquis
997 544 81 36 de
1024 544 108 36 Lange-

150 576 115 39 ron;
222 576 115 39 camp
294 576 87 39 de
337 576 260 39 Berlinghausen,
553 576 87 39 21
597 576 144 39 juill.
697 576 130 39 1761,
784 576 72 39 2
813 576 87 39 p.
856 576 101 39 1/2
914 576 130 39 in-4.
986 576 144 39 Intéres-

160 608 73 41 sante.
211 608 36 41 3
218 608 29 41 50

165 622 109 75 23340
237 622 133 75 SOULARY
334 622 181 75 (Joséphin),
479 622 109 75 poëte
551 622 157 75 original,
672 622 97 75 dont
732 622 85 75 les
781 622 205 75 Œuvres
950 622 133 75 forment
1046 622 72 75 un
1071 622 72 75 joli

161 685 130 34 volume
252 685 143 34 imprimé
356 685 91 34 par
408 685 143 34 Perrin,
511 685 78 34 de
550 685 117 34 Lyon.
628 685 117 34 L.
706 685 78 34 a.
745 685 130 34 s.
836 685 65 34 à
862 685 104 34 Léon
926 685 143 34 Boitel;
1030 685 78 34 15
1056 685 78 34 oct.

161 712 99 49 1839,
227 712 55 49 2
249 712 66 49 p.
282 712 77 49 1/2
325 712 99 49 in-8.
391 712 55 49 3
402 712 44 49 50

187 728 184 67 Charmante
329 728 142 67 épître
428 728 99 67 sur
484 728 85 67 la
527 728 99 67 Vie
584 728 85 67 du
626 728 170 67 cardinal
754 728 128 67 Fesch
839 728 99 67 que
895 728 156 67 prépare
1009 728 85 67 M.
1037 728 99 67 Lyon-

151 783 102 43 net
210 783 160 43 (depuis
326 783 146 43 évêque
428 783 87 43 de
472 783 189 43 Valence),
617 783 87 43 et
661 783 102 43 sur
719 783 102 43 son
777 783 160 43 amitié,
894 783 102 43 que
952 783 102 43 des
995 783 146 43 circons-

154 808 141 55 tances
252 808 225 55 malheureuses
435 808 98 55 lui
491 808 98 55 ont
547 808 112 55 fait
604 808 126 55 perdre.

153 830 119 57 23341
232 830 145 57 STRAUSS
337 830 237 57 (David-Fréd.),
535 830 145 57 célèbre
641 830 158 57 écrivain
760 830 79 57 et
799 830 185 57 théologien
944 830 171 57 allemand,
1063 830 66 57 au-

156 889 99 46 teur
217 889 74 46 de
254 889 74 46 la
291 889 123 46 Vie
378 889 74 46 de
415 889 123 46 Jésus.
501 889 74 46 L.
538 889 74 46 a.
575 889 136 46 s.
674 889 185 46 Heidelberg,
822 889 74 46 20
859 889 99 46 déc.
920 889 111 46 1859,
994 889 62 46 1
1019 889 74 46 p.
1044 889 86 46 in

171 911 118 58 rès-jolie
262 911 91 58 pièce.
325 911 145 58 Rare
443 911 45 58 6
452 911 27 58 »

158 936 103 72 23342
226 936 80 72 SUE
272 936 148 72 (Eugène),
385 936 68 72 le
420 936 125 72 célèbre
511 936 159 72 romancier.
636 936 103 72 L.
704 936 68 72 a.
738 936 125 72 s.
830 936 57 72 1
852 936 68 72 p.
887 936 80 72 pl.
932 936 103 72 in-8.
1000 936 57 72 2
1012 936 34 72 »

165 992 105 53 23343
235 992 163 53 TALLEYRAND
364 992 82 53 (le
410 992 117 53 prince
492 992 93 53 de),
550 992 140 53 illustre
656 992 105 53 homme
726 992 128 53 d’État.
819 992 105 53 L.
889 992 117 53 s.
971 992 58 53 à
982 992 152 53 Bourrienne;

166 1026 76 48 Vienne,
221 1026 35 48 5
235 1026 48 48 mai
263 1026 62 48 1815,
304 1026 35 48 1
318 1026 41 48 p.
339 1026 48 48 1/2
366 1026 76 48 in-fol.
421 1026 41 48 15
435 1026 21 48 »

480 1041 84 67 Pièce
535 1041 130 67 historique
638 1041 65 67 sur
675 1041 56 67 le
703 1041 93 67 retour
768 1041 56 67 de
795 1041 111 67 Napoléon
879 1041 65 67 Ier
916 1041 56 67 de
944 1041 84 67 l’île
1000 1041 102 67 d’Elbe.
1074 1041 56 67 Le
1093 1041 46 67 duc

478 1098 143 44 d’Angoulême
593 1098 67 44 n’a
631 1098 57 44 pu
660 1098 57 44 se
688 1098 124 44 maintenir
783 1098 76 44 dans
831 1098 67 44 les
869 1098 124 44 provinces
964 1098 162 44 méridionales.
1088 1098 48 44 «La

153 1126 146 52 France
255 1126 102 52 est
314 1126 117 52 donc
387 1126 117 52 pour
460 1126 87 52 le
503 1126 146 52 moment
605 1126 117 52 tout
678 1126 160 52 entière
795 1126 117 52 sous
868 1126 87 52 le
911 1126 117 52 joug
984 1126 87 52 de
1013 1126 117 52 Buona-

154 1156 180 60 parte...»
292 1156 83 60 La
334 1156 138 60 guerre
431 1156 83 60 se
472 1156 166 60 poursuit
597 1156 138 60 contre
693 1156 138 60 Murat.
790 1156 138 60 (Voir,
887 1156 111 60 pour
956 1156 124 60 cette
1025 1156 111 60 pièce,

153 1196 73 49 le
189 1196 73 49 n°
226 1196 85 49 153
275 1196 73 49 de
311 1196 195 49 l'Amateur
457 1196 256 49 d’autographes)

156 1210 111 70 23344
230 1210 123 70 TERRAY
316 1210 136 70 (l’abbé
415 1210 99 70 Jos.
477 1210 99 70 M.),
538 1210 74 70 le
575 1210 136 70 célèbre
674 1210 173 70 contrôleur
810 1210 86 70 des
859 1210 148 70 finances
971 1210 74 70 de
1008 1210 111 70 Louis
1069 1210 62 70 XV,

154 1262 76 43 né
192 1262 64 43 à
218 1262 102 43 Doen
281 1262 153 43 (Forez).
396 1262 114 43 L.
472 1262 76 43 a.
510 1262 127 43 s.
599 1262 64 43 à
625 1262 76 43 M.
663 1262 114 43 Joly;
739 1262 127 43 Paris,
828 1262 76 43 22
866 1262 114 43 janv.
942 1262 114 43 1768,
1019 1262 64 43 1
1044 1262 76 43 p.
1069 1262 64 43 pl.

153 1294 97 44 in-4.
218 1294 97 44 Belle
283 1294 119 44 lettre.
370 1294 54 44 5
381 1294 32 44 »

156 1319 131 56 23345
244 1319 145 56 THOMAS
346 1319 218 56 (Ambroise),
520 1319 160 56 célèbre
636 1319 218 56 compositeur
811 1319 87 56 de
855 1319 175 56 musique,
986 1319 145 56 membre
1073 1319 58 56 de

156 1371 147 41 l’Institut.
274 1371 88 41 L.
333 1371 59 41 a.
362 1371 108 41 s.
440 1371 88 41 1865,
499 1371 49 41 1
519 1371 59 41 p.
548 1371 88 41 in-8.
607 1371 49 41 2
617 1371 39 41 25

149 1388 107 63 23346
220 1388 107 63 TITON
292 1388 71 63 DU
327 1388 119 63 TILLET
411 1388 166 63 (Evérard),
541 1388 190 63 littérateur,
696 1388 119 63 auteur
779 1388 71 63 du
815 1388 178 63 Parnasse
946 1388 178 63 français

155 1440 112 40 L.
229 1440 74 40 a.
266 1440 124 40 s.
353 1440 62 40 à
378 1440 74 40 M.
415 1440 161 40 Cocquard,
539 1440 62 40 à
564 1440 124 40 Dijon;
651 1440 124 40 Paris,
738 1440 62 40 5
762 1440 87 40 mai
812 1440 112 40 1739,
886 1440 62 40 3
911 1440 74 40 p.
948 1440 87 40 1/2
998 1440 112 40 in-4,
1060 1440 62 40 ca-

166 1470 53 42 chet.
202 1470 35 42 12
213 1470 18 42 »

182 1490 179 55 Charmante
320 1490 152 55 épître,
431 1490 83 55 où
472 1490 83 55 il
513 1490 83 55 le
555 1490 166 55 remercie
679 1490 97 55 des
734 1490 110 55 vers
803 1490 124 55 qu’il
886 1490 97 55 lui
941 1490 69 55 a
968 1490 166 55 adressés
1079 1490 55 55 et

148 1535 94 47 lui
201 1535 108 47 fait
269 1535 108 47 part
336 1535 81 47 de
377 1535 94 47 son
431 1535 135 47 projet
525 1535 81 47 de
566 1535 81 47 se
606 1535 148 47 retirer
714 1535 81 47 du
755 1535 121 47 grand
836 1535 121 47 monde
917 1535 81 47 où
957 1535 81 47 il
998 1535 94 47 est
1038 1535 81 47 trop

154 1573 164 48 lissipé.
277 1573 82 48 Il
318 1573 136 48 parle,
413 1573 82 48 en
454 1573 191 48 terminant,
604 1573 82 48 de
645 1573 300 48 Desforges-Maillard
904 1573 82 48 et
945 1573 82 48 du
972 1573 164 48 président.

136 1600 155 47 Bouhier.

156 1632 123 53 23347
238 1632 164 53 TRONCHIN
362 1632 206 53 (Théodore),
526 1632 82 53 un
567 1632 96 53 des
622 1632 110 53 plus
691 1632 164 53 célèbres
814 1632 164 53 médecins
937 1632 82 53 de
978 1632 96 53 son
1019 1632 110 53 temps,

148 1678 90 41 ami
200 1678 77 41 de
238 1678 155 41 Voltaire
354 1678 77 41 et
393 1678 77 41 de
432 1678 77 41 J.
470 1678 77 41 J.
509 1678 168 41 Rousseau,
638 1678 77 41 né
677 1678 64 41 à
703 1678 142 41 Genève.
806 1678 116 41 L.
883 1678 77 41 a.
922 1678 129 41 s.
1012 1678 64 41 à
1038 1678 77 41 M.
1064 1678 64 41 Ja-

152 1712 117 35 nin,
225 1712 73 35 à
255 1712 131 35 Lyon;
342 1712 248 35 Palais-Royal,
547 1712 88 35 31
591 1712 175 35 janvier,
722 1712 73 35 1
751 1712 88 35 p.
795 1712 102 35 1/2
853 1712 131 35 in-4,
941 1712 161 35 cachet.
1058 1712 88 35 12
1087 1712 44 35 »

116 1734 239 68 Intéressante
310 1734 149 68 épître
415 1734 104 68 sur
474 1734 90 68 un
519 1734 134 68 sieur
609 1734 179 68 Tartini,
743 1734 149 68 auquel
847 1734 90 68 le
892 1734 104 68 duc
952 1734 194 68 d’Orléans
1086 1734 45 68 a

100 1785 174 44 accordé
227 1785 95 44 un
274 1785 158 44 brevet
385 1785 127 44 pour
464 1785 95 44 le
512 1785 254 44 gouvernement
718 1785 95 44 du
750 1785 174 44 Dauphiné.

162 1813 83 45 23348
217 1813 102 45 TURENNE
291 1813 65 45 (le
328 1813 102 45 vicomte
402 1813 74 45 de),
449 1813 111 45 illustre
532 1813 111 45 maréchal
615 1813 56 45 de
643 1813 102 45 France.
717 1813 83 45 L.
773 1813 56 45 a.
800 1813 93 45 s.
865 1813 46 45 à
874 1813 56 45 l’é-

157 1856 161 40 lectrice
277 1856 80 40 de
317 1856 214 40 Brandebourg;
491 1856 80 40 24
531 1856 107 40 déc.
598 1856 120 40 1660,
678 1856 67 40 1
705 1856 80 40 p.
745 1856 120 40 in-4.
825 1856 134 40 Écrite
919 1856 107 40 avec
986 1856 80 40 de
1013 1856 120 40 l’encre

151 1884 64 47 un
183 1884 75 47 peu
226 1884 96 47 pâle.
290 1884 64 47 22
312 1884 32 47 »

184 1918 122 48 Belle
266 1918 136 48 lettre
361 1918 95 48 sur
415 1918 81 48 la
456 1918 190 48 conciusion
605 1918 81 48 de
646 1918 81 48 la
673 1918 95 48 paix.

158 1955 117 52 23349
236 1955 156 52 VAILLANT
354 1955 91 52 (J.
406 1955 78 52 B.
445 1955 104 52 Ph.,
510 1955 143 52 comte),
614 1955 156 52 maréchal
732 1955 78 52 de
771 1955 130 52 France
862 1955 78 52 et
901 1955 170 52 ministre,
1019 1955 104 52 membre

157 1998 60 55 de
187 1998 149 55 l’Institut.
306 1998 89 55 L.
366 1998 60 55 a.
396 1998 109 55 s.
475 1998 89 55 1853,
535 1998 50 55 1
555 1998 60 55 p.
585 1998 89 55 in-8.
644 1998 50 55 1
654 1998 40 55 50

161 2025 77 69 23350
213 2025 85 69 VERNET
272 2025 94 69 (Jos.),
341 2025 94 69 célèbre
409 2025 94 69 peintre
477 2025 51 69 de
503 2025 102 69 marines.
579 2025 77 69 Pièce
631 2025 68 69 aut.
673 2025 77 69 sig.;
716 2025 68 69 Paris,

153 2064 73 52 30
189 2064 85 52 mai
238 2064 109 52 1787,
311 2064 85 52 1/2
359 2064 73 52 p.
396 2064 109 52 in-4.
468 2064 61 52 5
481 2064 36 52 »

184 2091 70 56 Reçu
228 2091 52 56 de
254 2091 52 56 M.
280 2091 105 56 Girardot
359 2091 52 56 de
385 2091 96 56 Marigny
455 2091 52 56 la
481 2091 79 56 somme
533 2091 52 56 de
559 2091 70 56 3000
603 2091 96 56 livres,
673 2091 70 56 pour
708 2091 52 56 prix

148 2140 112 42 d’un
218 2140 153 42 tableau
329 2140 223 42 représentant
511 2140 209 42 l’ouverture
678 2140 125 42 d’une
748 2140 125 42 grotte.
