1955 3149
422 423 112 78 94

949 419 243 76 DESSINS.

582 522 269 81 LÉGERON
777 522 269 81 (Jean),
973 522 147 81 né
1046 522 122 81 à
1095 522 220 81 Aigre
1242 522 342 81 (Charente)
1510 522 122 81 —
1535 522 171 81 Place

622 586 358 75 Gaillardbois,
917 586 126 75 8,
959 586 168 75 Rouen.

460 641 274 75 830
679 641 201 75 Suzanne
825 641 110 75 et
880 641 183 75 Yvonne
989 641 201 75 (pastel).

1169 696 205 76 (Voir
1323 696 85 76 à
1357 696 102 76 la
1391 696 273 76 Peinture)

576 799 230 67 LEMAN
730 799 537 67 (Jacques-Edmond),
1190 799 153 67 né
1267 799 128 67 à
1318 799 256 67 Laigle
1472 799 230 67 (Orne),

617 846 228 73 élève
769 846 152 73 de
845 846 253 73 Picot;
1022 846 152 73 M.
1098 846 177 73 H.,
1199 846 253 73 Paris.
1377 846 127 73 —
1427 846 253 73 Avenue
1579 846 127 73 des

622 883 229 66 Ternes,
788 883 145 66 50,
851 883 166 66 Paris.

456 941 284 69 831
683 941 265 69 Corneille,
891 941 151 69 dans
986 941 132 69 son
1061 941 208 69 cabinet
1212 941 113 69 de
1269 941 227 69 travail,
1439 941 246 69 composant
1609 941 95 69 ses

602 995 246 64 tragédies.

580 1062 265 56 (Original
784 1062 184 56 d’une
906 1062 265 56 eau-forte
1110 1062 224 56 faisant
1273 1062 204 56 partie
1416 1062 143 56 des
1478 1062 224 56 illustra-

621 1102 168 45 tions
733 1102 112 45 de
789 1102 112 45 la
845 1102 279 45 Relation
1069 1102 261 45 officielle
1273 1102 112 45 du
1329 1102 224 45 deuxième
1478 1102 224 45 cente

646 1150 196 53 naire
793 1150 98 53 de
825 1150 278 53 Corneille)

743 1198 269 57 Appartient
954 1198 96 57 à
993 1198 115 57 M.
1050 1198 115 57 E.
1108 1198 250 57 Cagniard,
1281 1198 384 57 imprimeur

451 1264 302 53 832
692 1264 302 53 Frontispice
934 1264 121 53 de
994 1264 121 53 la
1055 1264 242 53 relation
1236 1264 282 53 officielle
1457 1264 121 53 du
1498 1264 201 53 deuxième

615 1310 315 47 centenaire
863 1310 135 47 de
931 1310 225 47 Pierre
1089 1310 315 47 Corneille,
1336 1310 113 47 à
1382 1310 203 47 Rouen
1494 1310 203 47 (dessin

617 1349 245 49 original
800 1349 102 49 à
841 1349 123 49 la
903 1349 184 49 plume
1025 1349 225 49 faisant
1188 1349 204 49 partie
1331 1349 143 49 des
1393 1349 306 49 illustrations

614 1390 125 75 de
677 1390 271 75 l’ouvrage
885 1390 271 75 ci-dessus
1072 1390 229 75 indiqué).

1252 1431 287 82 Appartient
1478 1431 123 82 au
1519 1431 144 82 même.

568 1512 151 96 LE
643 1512 277 96 PERRIER
844 1512 226 96 (Mlle
995 1512 277 96 Alice),
1196 1512 176 96 née
1297 1512 151 96 au
1372 1512 251 96 Havre.
1548 1512 126 96 —
1573 1512 126 96 Rue

611 1577 191 67 Jules
738 1577 255 67 Lecesne,
930 1577 149 67 53,
1015 1577 128 67 Le
1057 1577 170 67 Havre.

450 1632 256 87 833
655 1632 239 87 Châtelaine
825 1632 239 87 (aquarelle).

567 1729 147 66 LE
641 1729 196 66 ROUX
764 1729 221 66 (Mlle
911 1729 295 66 Jeanne),
1132 1729 172 66 née
1230 1729 147 66 au
1304 1729 246 66 Havre,
1476 1729 221 66 élève
1599 1729 98 66 de

610 1776 131 72 M.
676 1776 306 72 Lhuillier.
916 1776 109 72 —
960 1776 153 72 Rue
1047 1776 153 72 des
1134 1776 197 72 Elus,
1265 1776 153 72 17,
1353 1776 131 72 Le
1396 1776 175 72 Havre.

447 1824 260 88 834
655 1824 156 88 Etude
759 1824 104 88 de
811 1824 156 88 lilas
898 1824 243 88 (aquarelle).

446 1901 267 69 835
660 1901 160 69 Etude
766 1901 107 69 de
820 1901 231 69 digitales
980 1901 249 69 (aquarelle).

565 1983 215 86 LEROY
709 1983 263 86 (Paul),
900 1983 143 86 né
972 1983 120 86 à
1019 1983 239 86 Paris,
1187 1983 215 86 élève
1330 1983 143 86 de
1402 1983 143 86 M.
1450 1983 239 86 Cabanel;

605 2040 135 73 3e
673 2040 203 73 méd.,
809 2040 203 73 1882;
944 2040 203 73 grand
1079 2040 203 73 prix,
1215 2040 203 73 Salon
1350 2040 203 73 1884;
1486 2040 135 73 2e
1531 2040 158 73 méd.,

606 2100 197 60 1888.
738 2100 110 60 —
781 2100 153 60 Rue
869 2100 197 60 Bara,
1001 2100 132 60 3,
1045 2100 175 60 Paris.

441 2150 334 65 836
708 2150 290 65 Intérieur
931 2150 134 65 de
998 2150 134 65 la
1065 2150 245 65 mosquée
1243 2150 134 65 El
1310 2150 379 65 Nasr-Mohamed,
1600 2150 89 65 au

607 2204 186 63 Caire
732 2204 248 63 (Egypte)
897 2204 290 63 (aquarelle).

1141 2248 208 72 (Voir
1297 2248 87 72 à
1332 2248 104 72 la
1366 2248 278 72 Peinture)

565 2327 140 84 LE
635 2327 187 84 SAGE
752 2327 210 84 (Mlle
892 2327 350 84 Gabrielle),
1172 2327 164 84 née
1265 2327 117 84 à
1312 2327 234 84 Paris,
1476 2327 210 84 élève
1593 2327 93 84 de

601 2398 141 47 M.
672 2398 212 47 Homo;
813 2398 306 47 mentions,
1049 2398 212 47 Dijon
1190 2398 141 47 et
1261 2398 283 47 Pontivy.
1473 2398 118 47 —
1520 2398 165 47 Rue
1591 2398 94 47 de

601 2439 131 71 La
667 2439 394 71 Rochefoucauld,
995 2439 153 71 46,
1061 2439 175 71 Paris.

440 2492 274 76 837
659 2492 110 76 Le
714 2492 165 76 vieux
824 2492 146 76 pont
915 2492 110 76 de
970 2492 220 76 Clisson,
1135 2492 366 76 Loire-Inférieure
1428 2492 256 76 (aquarelle).
