1863 3036
673 381 243 68 DESSINS.

1309 391 126 75 97

306 476 205 86 MARC
434 476 205 86 (Mme
562 476 307 86 Emélie),
792 476 179 86 née
895 476 153 86 au
946 476 486 86 Mesnil

347 544 518 74 (Seine-Inférieure).
798 544 113 74 —
843 544 158 74 Rue
933 544 158 74 des
1023 544 383 74 Bons-Enfants,
1315 544 113 74 99,

320 582 211 64 Rouen.

187 633 282 86 859
413 633 169 86 Bords
526 633 113 86 de
582 633 207 86 rivière
733 633 113 86 au
789 633 245 86 Vaudreuil
977 633 188 86 (Eure)
1090 633 207 86 (fusain).

190 732 254 75 860
393 732 152 75 Après
495 732 186 75 l’orage
614 732 186 75 (fusain).

893 774 205 90 (Voir
1047 774 85 90 à
1081 774 102 90 la
1115 774 273 90 Peinture)

308 855 237 85 MARICAL
481 855 194 85 (Mlle
610 855 367 85 Berthe-Rose),
912 855 151 85 née
999 855 108 85 à
1042 855 259 85 Lisieux,
1236 855 194 85 élève
1344 855 86 85 de

349 918 151 66 Mme
436 918 130 66 de
501 918 173 66 Cool
609 918 130 66 et
673 918 130 66 de
738 918 130 66 M.
803 918 324 66 Giacomotti.
1062 918 108 66 —
1105 918 151 66 Rue
1191 918 130 66 de
1235 918 194 66 Lancry,

346 955 148 72 57,
409 955 169 72 Paris.

186 1016 264 83 861
398 1016 211 83 Portrait
556 1016 106 83 de
609 1016 211 83 l’auteur
750 1016 264 83 (porcelaine).

302 1105 236 89 MARKS
459 1105 420 89 (Ferdinand),
800 1105 157 89 né
879 1105 131 89 à
931 1105 262 89 Bayeux
1089 1105 341 89 (Calvados),

350 1171 192 54 élève
478 1171 128 54 de
542 1171 128 54 A.
606 1171 278 54 Dujardin.
819 1171 107 54 —
862 1171 149 54 Rue
947 1171 235 54 Müller,
1118 1171 149 54 28,
1182 1171 171 54 Paris.

184 1222 273 97 862
402 1222 127 97 Vue
475 1222 109 97 de
529 1222 218 97 Hollande
675 1222 254 97 (aquarelle).

919 1303 194 74 (Voir
1064 1303 81 74 à
1097 1303 97 74 la
1129 1303 259 74 Peinture)

305 1393 234 65 MARTIN
468 1393 327 65 (Gabriel),
725 1393 140 65 né
795 1393 117 65 à
842 1393 234 65 Rouen,
1005 1393 210 65 élève
1146 1393 140 65 de
1216 1393 140 65 G.
1262 1393 164 65 Morin

347 1448 138 52 et
416 1448 138 52 de
485 1448 138 52 M.
553 1448 275 52 Cabanel;
760 1448 183 52 méd.
875 1448 138 52 de
943 1448 183 52 br.,
1058 1448 138 52 Le
1127 1448 229 52 Havre,
1264 1448 161 52 1869;

346 1490 169 55 prix
452 1490 127 55 de
515 1490 296 55 l’Académie
748 1490 148 55 des
833 1490 275 55 Sciences,
1044 1490 381 55 Belles-Lettres
1340 1490 85 55 et

345 1529 207 65 Arts,
483 1529 230 65 Rouen,
644 1529 207 65 1869;
782 1529 184 65 méd.
897 1529 253 65 d’arg.,
1080 1529 230 65 Rouen,
1241 1529 207 65 1872.
1356 1529 69 65 —

344 1562 241 79 Impasse
519 1562 372 79 Sainte-Marie,
825 1562 131 79 1,
869 1562 175 79 Rouen.

188 1624 237 88 863
378 1624 111 88 Lis
425 1624 221 88 (aquarelle).

181 1699 252 77 864
382 1699 151 77 Roses
466 1699 235 77 (aquarelle).

890 1747 203 102 (Voir
1042 1747 85 102 à
1076 1747 102 102 la
1110 1747 271 102 Peinture)

300 1841 250 57 MAUBER
475 1841 475 57 (Gaston-Jules),
875 1841 150 57 né
950 1841 150 57 au
1025 1841 250 57 Havre,
1200 1841 225 57 élève
1325 1841 100 57 de

345 1891 242 59 l’Ecole
521 1891 154 59 des
609 1891 308 59 Beaux-Arts
851 1891 132 59 de
918 1891 198 59 Paris
1050 1891 132 59 et
1116 1891 132 59 de
1182 1891 132 59 M.
1226 1891 198 59 Guadet.

343 1931 113 68 —
389 1931 227 68 Avenue
547 1931 227 68 Victor
706 1931 204 68 Hugo,
842 1931 181 68 172,
933 1931 181 68 Paris.

181 1994 287 78 865
410 1994 115 78 Le
468 1994 210 78 Clocher
621 1994 115 78 de
678 1994 383 78 Sainte-Catherine
1003 1994 115 78 et
1061 1994 115 78 la
1118 1994 172 78 place
1233 1994 115 78 du
1271 1994 153 78 Marché

346 2051 102 74 à
386 2051 246 74 Honfleur
571 2051 287 74 (Calvados)
775 2051 287 74 (aquarelle).

176 2112 278 94 866
399 2112 111 94 La
454 2112 278 94 lieutenance
677 2112 93 94 à
714 2112 222 94 Honfleur
862 2112 259 94 (aquarelle).

292 2195 294 80 MAZELINE
513 2195 196 80 (Mme
636 2195 319 80 Jehanne),
881 2195 172 80 née
979 2195 123 80 à
1028 2195 245 80 Rouen,
1199 2195 221 80 élève
1322 2195 98 80 de

332 2260 173 88 Mme
431 2260 297 88 Lemaire;
654 2260 173 88 méd
753 2260 272 88 d’arg.,
951 2260 248 88 Rouen,
1125 2260 223 88 1886.
1273 2260 124 88 —
1298 2260 124 88 Rue

337 2301 281 65 Daubigny,
554 2301 130 65 7,
597 2301 173 65 Paris.

175 2359 254 96 867
378 2359 186 96 Azalées
497 2359 237 96 (aquarelle).

179 2445 287 65 868
408 2445 172 65 Hôtel
523 2445 115 65 du
580 2445 344 65 Bourgthroulde,
867 2445 115 65 le
925 2445 191 65 départ
1039 2445 268 65 (aquarelle).
