1899 3113
412 397 116 65 98

943 403 244 73 DESSINS.

571 499 216 70 MENIER
722 499 259 70 (Emile),
917 499 129 70 né
981 499 108 70 à
1024 499 259 70 Chartres
1218 499 410 70 (Eure-et-Loir),
1542 499 151 70 élève

613 561 135 45 de
681 561 158 45 MM.
771 561 293 45 Moulinet,
997 561 135 45 F.
1064 561 203 45 Lebel
1199 561 135 45 et
1267 561 293 45 Zacharie.
1492 561 113 45 —
1537 561 158 45 Rue
1605 561 90 45 de

613 602 125 56 la
676 602 209 56 Roche,
822 602 146 56 26,
905 602 209 56 Rouen,
1051 602 125 56 et
1114 602 146 56 rue
1197 602 209 56 Muret,
1343 602 125 56 4,
1385 602 229 56 Chartres.

448 639 283 95 869
675 639 227 95 Portrait
845 639 113 95 de
901 639 132 95 mon
977 639 132 95 ami
1052 639 208 95 Besnard
1184 639 208 95 (pastel.)

448 737 253 65 870
651 737 135 65 Tête
735 737 186 65 d’étude
853 737 186 65 (pastel).

1139 708 271 72 Appartient
1351 708 97 72 à
1390 708 116 72 M.
1429 708 193 72 Besnard.

1161 784 202 75 (Voir
1313 784 84 75 à
1347 784 101 75 la
1380 784 270 75 Peinture)

565 871 258 63 MESGNIL
752 871 211 63 (Mlle
893 871 329 63 Marguerite
1152 871 188 63 du),
1269 871 164 63 née
1363 871 117 63 à
1387 871 305 63 Versailles,

605 923 217 54 élève
750 923 145 54 de
822 923 169 54 MM.
919 923 290 54 Lefebvie
1136 923 145 54 et
1208 923 266 54 Doucet.
1401 923 121 54 —
1426 923 266 54 Boulevard

610 957 252 65 Pereire,
799 957 168 65 179,
883 957 168 65 Paris.

445 1005 288 94 871
675 1005 211 94 Blanche
829 1005 192 94 (étude
964 1005 115 94 de
1021 1005 192 94 femme)
1137 1005 211 94 (pastel.)

567 1097 198 75 MOISE
699 1097 308 75 (Gustave),
941 1097 132 75 né
1007 1097 110 75 à
1051 1097 528 75 Montreuil-sur-Brèche
1491 1097 198 75 (Oise),

610 1156 207 48 élève
748 1156 138 48 de
817 1156 138 48 M.
886 1156 299 48 Deyrolle.
1116 1156 115 48 —
1162 1156 207 48 Route
1299 1156 138 48 de
1368 1156 299 48 Darnétal,
1575 1156 115 48 89,

576 1197 211 64 Rouen.

445 1265 287 57 872
675 1265 211 57 L’arbre
828 1265 115 57 de
885 1265 191 57 Jessé,
1019 1265 211 57 vitrail
1172 1265 115 57 de
1230 1265 230 57 l’église
1383 1265 306 57 Saint

606 1314 125 56 de
669 1314 271 56 Beauvais,
877 1314 188 56 style
1002 1314 333 56 Renaissance,
1273 1314 208 56 époque
1419 1314 250 56 François
1586 1314 104 56 Ier

608 1355 228 70 (étude,
753 1355 269 70 aquarelle).

564 1409 202 92 MOLIN
698 1409 179 92 (Mme
810 1409 224 92 Anna),
967 1409 157 92 née
1057 1409 112 92 à
1101 1409 224 92 Paris,
1258 1409 202 92 élève
1393 1409 134 92 de
1460 1409 134 92 M.
1505 1409 179 92 Penet.

605 1503 113 45 —
651 1503 158 45 Rue
741 1503 135 45 du
808 1503 406 45 Mont-Parnasse,
1146 1503 158 45 42,
1214 1503 180 45 Paris.

443 1537 280 61 873
668 1537 112 61 La
724 1537 168 61 jeune
836 1537 168 61 mère,
948 1537 206 61 d’après
1097 1537 206 61 Florent
1247 1537 206 61 Willems
1378 1537 280 61 (porcelaine).

564 1614 207 81 MOREL
702 1614 299 81 (Ernest),
932 1614 138 81 né
1001 1614 115 81 à
1047 1614 230 81 Rouen,
1207 1614 207 81 élève
1345 1614 138 81 de
1414 1614 138 81 G.
1483 1614 207 81 Morin
1598 1614 92 81 et

605 1682 133 48 de
671 1682 133 48 M.
737 1682 133 48 E.
804 1682 221 48 Lebel.
958 1682 110 48 —
1002 1682 155 48 Rue
1091 1682 375 48 Martainville,
1400 1682 155 48 56,
1466 1682 177 48 Rouen.

447 1741 272 50 874
664 1741 163 50 Coins
773 1741 109 50 de
827 1741 163 50 Rouen
918 1741 272 50 (aquarelles).

445 1798 270 69 875
661 1798 108 69 En
715 1798 162 69 forêt
823 1798 216 69 (dessins
985 1798 90 69 à
1021 1798 108 69 la
1057 1798 162 69 plume).

1092 1841 252 80 Appartient
1290 1841 90 80 à
1326 1841 108 80 M.
1379 1841 108 80 J.
1415 1841 198 80 Melville.

564 1905 257 91 MORISOT
751 1905 211 91 (Mlle
891 1905 351 91 Henriette),
1172 1905 164 91 née
1266 1905 117 91 à
1313 1905 234 91 Paris,
1476 1905 211 91 élève
1593 1905 94 91 de

603 1982 172 64 MM.
702 1982 148 64 J.
776 1982 296 64 Lefebvre
997 1982 148 64 et
1071 1982 345 64 Boulanger;
1342 1982 197 64 méd.
1465 1982 148 64 de
1539 1982 172 64 br.
1613 1982 74 64 —

607 2021 288 51 Boulevard
828 2021 376 51 Rochechouart,
1138 2021 155 51 17,
1204 2021 177 51 Paris.

445 2068 253 75 876
648 2068 219 75 Japonaise
799 2068 186 75 (pastel).

559 2142 297 82 MOUTIER
775 2142 432 82 (Ferdinand),
1126 2142 162 82 né
1208 2142 135 82 à
1262 2142 270 82 Rouen,
1451 2142 243 82 élève
1586 2142 108 82 de

602 2210 329 55 Thiollet;
855 2210 203 55 méd.
982 2210 152 55 de
1058 2210 203 55 br.,
1184 2210 253 55 Rouen,
1362 2210 329 55 Saint-Lô,
1590 2210 101 55 Le

604 2251 227 59 Havre,
763 2251 181 59 etc.
876 2251 113 59 —
922 2251 272 59 Pavillon
1126 2251 159 59 aux
1216 2251 385 59 Broussailles,
1511 2251 181 59 Grand-

610 2289 466 78 Bec-lès-Villerville
995 2289 263 78 (Calvados).

437 2372 308 79 877
684 2372 287 79 Intérieur,
909 2372 164 79 chez
1012 2372 123 79 la
1074 2372 164 79 mère
1176 2372 226 79 Lhomme,
1340 2372 267 79 Grand-Bec
1525 2372 164 79 (aqua

595 2426 163 61 relle).

1172 2449 196 85 (Voir
1319 2449 82 85 à
1352 2449 98 85 la
1384 2449 262 85 Peinture)
