1958 3123
663 465 312 66 SCULPTURE.

1356 456 171 74 409
1429 456 73 74 .

327 572 276 60 GUILLOUX
534 572 506 60 (Alphonse-Eugène),
970 572 138 60 né
1039 572 115 60 à
1085 572 230 60 Rouen,
1246 572 207 60 élève
1361 572 92 60 de

368 627 168 50 MM.
464 627 240 50 Dumont
632 627 144 50 et
705 627 337 50 Falguière;
969 627 192 50 méd.
1089 627 265 50 d’arg.,
1258 627 192 50 Rouen,

376 670 186 56 1880;
500 670 165 56 méd.
604 670 124 56 3e
666 670 165 56 cl.,
769 670 207 56 Paris,
914 670 186 56 1881;
1038 670 165 56 méd.
1142 670 228 56 d’arg.,
1287 670 165 56 Rouen,

372 710 211 73 1882;
512 710 188 73 méd.
629 710 141 73 de
700 710 234 73 verm.,
864 710 211 73 Caen.
1005 710 117 73 —
1051 710 164 73 Rue
1145 710 281 73 Bihorel,
1333 710 117 73 23,

338 751 211 56 Rouen.

204 789 285 79 949
432 789 228 79 Portrait
603 789 114 79 de
660 789 133 79 Mme
737 789 114 79 L.
794 789 152 79 B...
889 789 190 79 (buste
1003 789 190 79 marbre).

205 876 274 80 950
424 876 219 80 Portrait
588 876 109 80 de
643 876 109 80 M.
697 876 109 80 de
752 876 146 80 C...
843 876 182 80 (buste
953 876 164 80 plâtre)

321 969 212 69 HOTIN
463 969 541 69 (Emmanuel-Auguste),
933 969 141 69 né
1003 969 118 69 à
1050 969 259 69 Dieppe,
1238 969 212 69 élève
1356 969 94 69 de

366 1025 265 44 Senties,
565 1025 133 44 et
631 1025 133 44 de
697 1025 155 44 MM.
785 1025 221 44 Jouhan
940 1025 133 44 et
1006 1025 133 44 de
1073 1025 287 44 Mareilly.
1293 1025 110 44 —
1316 1025 133 44 Bou-

368 1068 207 60 levard
513 1068 270 60 Voltaire,
721 1068 145 60 48,
783 1068 166 60 Paris.

205 1121 269 65 951
420 1121 215 65 Portrait
581 1121 108 65 de
635 1121 143 65 Mlle
725 1121 143 65 X...
814 1121 179 65 (buste
922 1121 179 65 plâtre).

958 1166 201 79 (Voir
1109 1166 117 79 aux
1159 1166 251 79 Dessins)

318 1236 257 78 JONDET
498 1236 489 78 (Henri-Michel),
910 1236 154 78 né
987 1236 129 78 à
1038 1236 257 78 Rouen,
1219 1236 231 78 élève
1347 1236 103 78 de

363 1306 190 41 MM.
471 1306 244 41 Chapu
634 1306 163 41 et
716 1306 163 41 A.
797 1306 353 41 Guilloux.
1068 1306 136 41 —
1122 1306 190 41 Rue
1204 1306 244 41 Eau-

364 1346 233 63 Robec,
527 1346 163 63 84,
597 1346 186 63 Rouen.

201 1402 270 97 952
417 1402 216 97 Portrait
579 1402 108 97 de
633 1402 108 97 M.
687 1402 108 97 G.
741 1402 144 97 J...
831 1402 180 97 (buste
939 1402 180 97 plâtre).

201 1490 275 71 953
420 1490 220 71 Portrait
585 1490 110 71 de
640 1490 146 71 Mlle
731 1490 146 71 X...
823 1490 256 71 (médaillon
1006 1490 183 71 plâtre).

320 1578 281 84 LECHESNE
530 1578 281 84 (Henri).
741 1578 117 84 —
788 1578 164 84 Rue
881 1578 140 84 de
952 1578 328 84 Saintonge,
1209 1578 140 84 9,
1256 1578 187 84 Paris.

203 1663 280 88 954
427 1663 186 88 Combat
558 1663 112 88 de
613 1663 149 88 coqs
688 1663 205 88 (bronze).

323 1746 270 65 LOMBARDI
525 1746 315 65 (Eugenio),
772 1746 135 65 né
840 1746 112 65 à
885 1746 202 65 Milan
1020 1746 292 65 (Italie),
1245 1746 202 65 élève
1357 1746 90 65 de

364 1808 316 51 l’Académie
613 1808 135 51 de
680 1808 226 51 Milan;
838 1808 203 51 dipl.
974 1808 248 51 d'hon.,
1155 1808 226 51 Monza,
1290 1808 158 51 1879;

362 1849 226 77 méd.,
512 1849 226 77 Nice,
663 1849 301 77 1883-84.
889 1849 125 77 —
939 1849 176 77 Rue
1039 1849 226 77 Paolo
1190 1849 251 77 Sarpi,
1341 1849 100 77 6,

338 1885 189 70 Milan.

202 1945 270 84 955
418 1945 108 84 I.
472 1945 144 84 Miei
562 1945 144 84 Cari
652 1945 252 84 (statuette
832 1945 180 84 marbre).

322 2056 244 53 MARTIN
493 2056 513 53 (Gustave-Joseph),
933 2056 147 53 né
1006 2056 122 53 à
1055 2056 244 53 Paris,
1226 2056 220 53 élève
1348 2056 98 53 de

363 2100 130 82 M.
428 2100 238 82 Charles
601 2100 281 82 Gauthier.
817 2100 108 82 —
860 2100 151 82 Rue
946 2100 130 82 de
1011 2100 281 82 Lacépède,
1227 2100 130 82 8,
1270 2100 173 82 Paris.

200 2144 265 95 956
412 2144 247 95 Marguerite
606 2144 265 95 (bas-relief
800 2144 177 95 plâtre).

201 2219 269 102 957
416 2219 215 102 Portrait
578 2219 108 102 de
632 2219 144 102 Mlle
722 2219 179 102 Cécile
847 2219 144 102 H...
937 2219 269 102 (bas-relief
1134 2219 144 102 cire).

320 2333 238 65 MAUBACH
493 2333 303 65 (Adolphe),
731 2333 130 65 né
796 2333 108 65 à
839 2333 216 65 Paris,
990 2333 194 65 élève
1120 2333 130 65 de
1185 2333 130 65 M.
1228 2333 216 65 Carrier-

365 2389 291 55 Belleuse.
588 2389 112 55 —
633 2389 157 55 Rue
723 2389 134 55 de
790 2389 313 55 Dunkerque,
1036 2389 157 55 58,
1103 2389 179 55 Paris.

201 2433 269 99 958
416 2433 179 99 Fathma
542 2433 179 99 (buste
668 2433 162 99 terre
757 2433 162 99 cuite).

202 2526 273 73 959
420 2526 218 73 Bamboula
584 2526 182 73 (buste
711 2526 164 73 terre
802 2526 164 73 cuite).
