1998 3149
495 439 568 106 GRAVURE

362 546 157 65 EN
440 546 339 65 MÉDAILLES
701 546 157 65 ET
779 546 183 65 SUR
884 546 287 65 PIERRES
1066 546 209 65 FINES.

319 664 325 66 BOURGEOIS
569 664 425 66 (Maximilien),
919 664 150 66 né
994 664 125 66 à
1044 664 250 66 Paris,
1219 664 225 66 élève
1344 664 100 66 de

363 721 260 53 Jouffroy
558 721 130 53 et
623 721 130 53 de
688 721 130 53 M.
753 721 195 53 G.-J.
883 721 238 53 Thomas;
1057 721 152 53 méd
1144 721 130 53 3e
1209 721 130 53 et
1274 721 130 53 2e
1317 721 130 53 cl.,

367 757 191 49 Paris;
501 757 96 49 ;
539 757 172 49 H.
653 757 191 49 C.
787 757 96 49 —
825 757 134 49 Rue
902 757 115 49 de
959 757 210 49 Sèvres,
1112 757 153 49 103,
1188 757 153 49 Paris.

199 808 274 77 973
418 808 165 77 Cadre
528 808 238 77 contenant
711 808 165 77 trois
802 808 220 77 médailles.

364 884 130 58 1.
429 884 260 58 Portrait
624 884 130 58 de
689 884 130 58 M.
754 884 238 58 Delisle
927 884 281 58 (bronze),
1143 884 303 58 professeur
1359 884 87 58 au

319 934 407 38 Conservatoire
654 934 144 38 de
726 934 240 38 Paris;
894 934 144 38 2,
966 934 287 38 médaille
1158 934 287 38 commémora-

317 968 197 57 tive
440 968 148 57 du
514 968 271 57 Congrès
711 968 148 57 de
785 968 197 57 1887
908 968 295 57 élection
1129 968 148 57 de
1203 968 148 57 M.
1252 968 197 57 Carnot

320 1013 105 49 à
362 1013 126 49 la
425 1013 293 49 Présidence
655 1013 126 49 de
718 1013 126 49 la
780 1013 293 49 République
1011 1013 188 49 (face
1136 1013 230 49 argent,
1283 1013 167 49 revers

322 1056 238 50 argent,
496 1056 260 50 bronze);
690 1056 130 50 3.
755 1056 173 50 méd.
864 1056 130 50 de
928 1056 152 50 MM.
1015 1056 152 50 les
1102 1056 281 50 Sénateurs
1296 1056 152 50 (face

322 1099 128 61 et
386 1099 213 61 revers
513 1099 213 61 argent).

553 1148 112 70 Le
609 1148 112 70 n°
665 1148 93 70 2
703 1148 262 70 appartient
908 1148 112 70 au
964 1148 168 70 Sénat
1076 1148 112 70 et
1132 1148 93 70 à
1170 1148 112 70 la
1207 1148 187 70 Chambre.

318 1217 229 61 DUBOIS
479 1217 275 61 (Henri),
685 1217 138 61 né
754 1217 115 61 à
800 1217 184 61 Rome
914 1217 161 61 (de
1006 1217 252 61 parents
1167 1217 275 61 français),

363 1267 203 54 élève
499 1267 135 54 de
566 1267 158 54 MM.
657 1267 226 54 Chapu,
815 1267 293 54 Falguière
1040 1267 135 54 et
1108 1267 226 54 Alphée
1243 1267 203 54 Dubois,

366 1305 169 55 méd.
472 1305 127 55 3e
535 1305 169 55 cl.,
641 1305 190 55 Paris
768 1305 190 55 1888;
895 1305 127 55 A.
958 1305 127 55 g.
1022 1305 106 55 —
1064 1305 148 55 Rue
1149 1305 275 55 Mazarine,
1339 1305 106 55 37,

366 1348 128 56 et
430 1348 150 56 rue
515 1348 128 56 de
580 1348 235 56 Rennes,
751 1348 150 56 76,
815 1348 171 56 Paris.

200 1403 302 53 974
442 1403 181 53 Cadre
563 1403 262 53 contenant
764 1403 161 53 sept
865 1403 262 53 médailles
1066 1403 181 53 (cinq
1187 1403 121 53 en
1248 1403 201 53 bronze
1368 1403 81 53 et

364 1448 180 67 deux
476 1448 135 67 en
521 1448 225 67 argent).

322 1528 225 48 GAUVIN
479 1528 292 48 (Alfred),
704 1528 135 48 né
771 1528 112 48 à
816 1528 494 48 Héricourt-en-Caux,
1243 1528 202 48 élève
1355 1528 90 48 de

365 1565 132 53 M.
431 1565 264 53 Dourner;
629 1565 132 53 A.
695 1565 132 53 }.
761 1565 110 53 —
805 1565 154 53 Rue
894 1565 132 53 de
960 1565 264 53 l’Ouest,
1158 1565 154 53 99,
1224 1565 176 53 Paris.

199 1606 297 71 975
437 1606 178 71 Cadre
556 1606 258 71 contenant
754 1606 99 71 7
794 1606 297 71 médaillons,
1032 1606 159 71 dont
1131 1606 99 71 5
1170 1606 218 71 bronze,
1329 1606 99 71 1
1349 1606 99 71 fer

361 1666 290 50 repoussé
578 1666 145 50 et
651 1666 338 50 damasquiné
916 1666 217 50 (tête
1061 1666 145 50 de
1133 1666 314 50 Bellone),
1350 1666 97 50 et

368 1704 101 59 1
408 1704 203 59 argent
530 1704 182 59 ciselé.

198 1754 302 59 976
439 1754 221 59 Coffret
600 1754 302 59 damasquiné,
842 1754 121 59 or
902 1754 121 59 et
963 1754 201 59 argent
1104 1754 322 59 représentant
1345 1754 101 59 les

363 1809 181 62 sept
477 1809 227 62 péchés
635 1809 272 62 capitaux
840 1809 136 62 en
885 1809 204 62 argent.

320 1867 234 69 VAUDET
483 1867 491 69 (Auguste-Alfred),
904 1867 140 69 né
974 1867 117 69 à
1021 1867 234 69 Paris;
1185 1867 187 69 méd.
1278 1867 164 69 d’or,

369 1923 215 43 Paris,
520 1923 194 43 1880;
649 1923 172 43 méd.
757 1923 172 43 d’or
865 1923 151 43 1re
951 1923 172 43 cl..
1058 1923 215 43 Alger,
1209 1923 194 43 1880;
1317 1923 129 43 méd.

369 1961 173 51 d’or
477 1961 151 51 1re
564 1961 151 51 cl.
650 1961 194 51 (prix
780 1961 324 51 d’honneur),
1039 1961 194 51 Union
1168 1961 259 51 centrale
1341 1961 108 51 des

368 2001 318 53 Beaux-Arts,
622 2001 212 53 Paris,
770 2001 191 53 1880;
897 2001 169 53 méd.
1003 2001 148 53 1re
1088 2001 169 53 cl.,
1194 2001 191 53 Lyon,
1300 2001 148 53 1881;

368 2046 189 50 Tours,
500 2046 189 50 Lille,
633 2046 170 50 1881;
746 2046 189 50 Vienne
878 2046 265 50 (Autriche)
1086 2046 170 50 1882;
1199 2046 170 50 H.
1294 2046 151 50 C.

366 2094 107 60 —
408 2094 149 60 Rue
494 2094 128 60 de
558 2094 128 60 la
621 2094 277 60 Verrerie,
835 2094 149 60 67,
899 2094 171 60 Paris.

200 2132 270 70 977
416 2132 108 70 La
452 2132 216 70 charmeuse.

158 2463 163 61 978

453 2223 126 46 »Et
525 2223 217 46 laissant
688 2223 181 46 l’onde
796 2223 271 46 fraichissante

455 2263 87 47 »
489 2263 157 47 Errer
594 2263 140 47 dans
681 2263 122 47 les
751 2263 192 47 vallons
873 2263 175 47 fleuris,

455 2298 93 40 »
493 2298 130 40 Aux
567 2298 148 40 jeux
659 2298 111 40 de
715 2298 130 40 ses
789 2298 167 40 hôtes
882 2298 148 40 chéris

453 2327 96 52 »
491 2327 116 52 La
549 2327 193 52 nymphe
684 2327 174 52 prend
800 2327 174 52 part,
896 2327 270 52 frémissante,

448 2361 118 64 »
495 2361 188 64 Sous
612 2361 165 64 les
706 2361 282 64 caresses
918 2361 141 64 du
988 2361 282 64 zéphir.»
1200 2361 165 64 Ch.
1270 2361 94 64 V.

367 2407 327 59 Composition
629 2407 305 59 originale,
869 2407 240 59 gravure
1044 2407 153 59 sur
1109 2407 240 59 sardonyx.

328 2471 269 59 Timidité
529 2471 202 59 (avec
664 2471 269 59 exquisse
865 2471 246 59 modelée
1045 2471 134 59 en
1112 2471 202 59 cire)
1224 2471 224 59 (gravure

364 2509 157 65 sur
431 2509 269 65 sardonyx).

907 2546 200 80 (Voir
1057 2546 83 80 à
1091 2546 100 80 la
1124 2546 283 80 Sculpture)
