1955 3149
467 477 125 60 116

906 470 389 68 ARCHITECTURE.

614 580 288 64 DESPOIS
823 580 157 64 DE
902 580 366 64 FOLLEVILLE
1190 580 497 64 (Jules-Hector),
1608 580 157 64 né
1661 580 79 64 à

661 633 204 53 Rouen,
803 633 184 53 élève
926 633 122 53 de
987 633 143 53 son
1069 633 184 53 père,
1191 633 122 53 de
1252 633 122 53 G.
1314 633 184 53 Morin
1436 633 122 53 et
1497 633 122 53 de
1558 633 122 53 M.
1599 633 143 53 Jean;

657 673 138 53 M.
726 673 161 53 H..
818 673 207 53 Salon
956 673 161 53 des
1048 673 184 53 Arts
1163 673 345 53 décoratifs,
1439 673 230 53 Paris,
1577 673 161 53 1884;

658 712 188 57 méd.
775 712 258 57 d’arg.,
963 712 235 57 Rouen,
1127 712 211 57 1886.
1268 712 117 57 —
1315 712 164 57 Rue
1385 712 352 57 Chasselièvre,

678 752 85 66 35
720 752 212 66 bis
876 752 113 66 Rouen.

497 827 291 62 984
729 827 194 62 Relevé
865 827 174 62 d’une
981 827 233 62 cheminée
1156 827 174 62 Louis
1272 827 155 62 XIII
1369 827 155 62 dans
1466 827 116 62 le
1524 827 213 62 cabinet
1659 827 78 62 de

662 868 135 71 M.
729 868 135 71 de
797 868 203 71 T...,
932 868 113 71 à
954 868 180 71 Rouen.

715 928 159 78 (En
806 928 387 78 collaboration
1125 928 182 78 avec
1238 928 136 78 M.
1306 928 227 78 Eugène
1443 928 250 78 FAUQUET.)

1172 1009 265 76 Appartient
1380 1009 95 76 à
1418 1009 114 76 M.
1475 1009 114 76 de
1513 1009 189 76 Trébons.

624 1091 256 76 FAUQUET
810 1091 512 76 (Eugène-Napoléon),
1252 1091 140 76 né
1321 1091 116 76 à
1345 1091 395 76 Sotteville-

668 1155 214 52 Rouen,
817 1155 192 52 élève
945 1155 128 52 de
1010 1155 128 52 M.
1074 1155 299 52 Desmarest;
1309 1155 171 52 méd.
1415 1155 235 52 d’arg.,
1565 1155 171 52 Rouen,

663 1195 195 70 1882.
793 1195 108 70 —
837 1195 152 70 Rue
924 1195 282 70 Ganterie,
1140 1195 152 70 58,
1206 1195 174 70 Rouen.

493 1250 328 80 985
755 1250 197 80 Essai
887 1250 131 80 de
952 1250 350 80 restauration
1236 1250 175 80 d’un
1346 1250 240 80 tombeau
1520 1250 131 80 au
1564 1250 175 80 temple

662 1311 323 67 Saint-Eloi,
900 1311 172 67 Rouen.

737 1361 290 88 (Voir
973 1361 199 88 DESPOIS
1118 1361 109 88 DE
1154 1361 290 88 FOLLEVILLE)

1236 1418 205 93 (Voir
1390 1418 120 93 aux
1441 1418 257 93 Dessins)

619 1508 382 62 LAQUERRIÈRE
924 1508 356 62 (Anatole),
1204 1508 153 62 né
1280 1508 127 62 à
1331 1508 254 62 Rouen,
1509 1508 229 62 élève
1636 1508 102 62 de

665 1558 150 45 MM.
750 1558 129 45 A.
815 1558 193 45 Duboc
944 1558 129 45 et
1008 1558 150 45 Ch.
1094 1558 236 45 Fleury;
1266 1558 129 45 M.
1330 1558 150 45 H.,
1416 1558 215 45 Paris,
1566 1558 193 45 1888.
1674 1558 64 45 —

658 1602 159 66 Rue
749 1602 340 66 Saint-Maur,
1021 1602 159 66 30,
1089 1602 181 66 Rouen.

496 1654 276 72 986
717 1654 184 72 Etudes
845 1654 129 72 sur
919 1654 129 72 les
993 1654 166 72 vieux
1103 1654 184 72 hôtels
1232 1654 239 72 rouennais
1398 1654 184 72 (lavis).

662 1739 135 68 1.
729 1739 224 68 Maison
886 1739 157 68 rue
976 1739 269 68 Malpalu,
1178 1739 180 68 XVIe
1290 1739 224 68 siècle
1447 1739 157 68 (un
1537 1739 202 68 cadre
1649 1739 90 68 et

616 1793 187 53 d’eux
741 1793 270 53 châssis).
949 1793 104 53 —
990 1793 125 53 2.
1053 1793 187 53 Hôtel
1178 1793 125 53 de
1240 1793 229 53 Richard
1406 1793 208 53 Osmont
1531 1793 208 53 (actuel-

619 1836 118 68 le
678 1836 157 68 ment
777 1836 177 68 Lycée
895 1836 118 68 de
954 1836 236 68 filles),
1131 1836 177 68 XVIIe
1249 1836 197 68 siècle
1387 1836 177 68 (deux
1485 1836 197 68 cadres).

494 1907 296 57 987
731 1907 178 57 Porte
849 1907 296 57 Renaissance
1086 1907 99 57 à
1126 1907 355 57 Petit-Quevilly
1421 1907 178 57 (état
1540 1907 197 57 actuel
1658 1907 79 57 et

660 1947 336 66 restauration
933 1947 189 66 (deux
1038 1947 231 66 châssis).

618 2025 285 68 LEFEBVRE
832 2025 309 68 (Pierre),
1070 2025 143 68 né
1141 2025 119 68 à
1165 2025 571 68 Saint-

664 2088 179 52 ville
784 2088 458 52 (Seine-Inférieure),
1182 2088 179 52 élève
1301 2088 119 52 de
1361 2088 219 52 l’Ecole
1520 2088 139 52 des
1580 2088 159 52 Beaux-

663 2125 176 59 Arts
773 2125 132 59 de
839 2125 197 59 Rouen
970 2125 132 59 et
1036 2125 132 59 de
1102 2125 132 59 M.
1168 2125 263 59 Lequeux;
1365 2125 176 59 prix
1475 2125 132 59 du
1519 2125 219 59 Ministre

659 2173 133 48 et
725 2173 177 48 méd.
836 2173 221 48 d’arg.
991 2173 111 48 —
1035 2173 155 48 Rue
1124 2173 288 48 Saint-Lô,
1345 2173 155 48 42,
1412 2173 177 48 Rouen.

503 2235 295 60 988
739 2235 196 60 Abbaye
877 2235 118 60 de
936 2235 275 60 Fontenelle
1152 2235 118 60 ou
1211 2235 118 60 de
1270 2235 373 60 Saint-Wandrille
1564 2235 177 60 (Seine

663 2287 318 76 Inférieure),
922 2287 179 76 porte
1021 2287 219 76 d’entrée.

614 2360 268 68 LELARGE
809 2360 878 68 (Gaston-Charles-Raphaël-Julien),
1613 2360 146 68 né
1662 2360 73 68 à

659 2423 410 45 Boisguillaume,
1001 2423 205 45 élève
1138 2423 137 45 de
1207 2423 160 45 MM.
1298 2423 205 45 Simon
1435 2423 137 45 et
1480 2423 251 45 Demantes,

659 2469 114 75 —
705 2469 159 75 Rue
796 2469 250 75 Danguy,
977 2469 159 75 11,
1046 2469 364 75 Boisguillaume.

498 2532 254 79 989
701 2532 186 79 Théâtre
836 2532 169 79 (trois
938 2532 186 79 châssis).
