1998 3149
334 528 482 98 ARRÉTÉ
668 528 704 98 RÉGLEMENTAIRE

628 634 175 73 Du
744 634 117 73 20
802 634 175 73 Avril
900 634 194 73 1888

286 820 266 71 Nous,
485 820 199 71 Maire
618 820 133 71 de
684 820 221 71 Rouen,
839 820 266 71 Officier
1017 820 376 71 d’Académie,

294 902 125 70 Vu
357 902 125 70 le
419 902 208 70 budget
564 902 125 70 de
627 902 125 70 la
689 902 187 70 Ville
814 902 166 70 pour
918 902 187 70 1888,
1043 902 249 70 allouant
1230 902 146 70 les
1292 902 187 70 crédits

252 965 334 57 nécessaires
519 965 178 57 pour
631 965 401 57 l’organisation
965 965 134 57 de
1032 965 134 57 la
1099 965 201 57 XXXIe
1210 965 268 57 Exposition

243 1019 320 70 municipale
494 1019 137 70 de
540 1019 297 70 Beaux

288 1076 130 64 Vu
353 1076 194 64 notre
483 1076 216 64 lettre
634 1076 345 64 d’invitation
915 1076 151 64 aux
1001 1076 281 64 artistes,
1217 1076 130 64 de
1282 1076 130 64 ce
1325 1076 151 64 jour,

251 1133 121 96 20
311 1133 202 96 avril,
452 1133 121 96 et
513 1133 202 96 l’avis
654 1133 222 96 relatif
815 1133 141 96 aux
896 1133 282 96 conditions
1117 1133 101 96 à
1158 1133 222 96 remplir
1319 1133 141 96 par
1379 1133 101 96 les

248 1199 271 64 exposants,
461 1199 97 64 à
499 1199 116 64 la
558 1199 174 64 suite
674 1199 116 64 de
732 1199 174 64 cette
829 1199 174 64 lettre,

359 1261 287 98 AVONS
519 1261 287 98 ARRÉTÉ:

731 1345 207 72 TITRE
846 1345 138 72 Ier.

562 1431 288 66 Ouverture
796 1431 108 66 de
832 1431 343 66 l’Exposition

291 1489 184 78 ART.
406 1489 184 78 1er.
521 1489 115 78 —
567 1489 138 78 La
635 1489 207 78 XXXIe
773 1489 321 78 Exposition
1026 1489 321 78 municipale
1255 1489 230 78 d’œuvres

279 1563 172 63 ’art
387 1563 172 63 sera
495 1563 237 63 ouverte
667 1563 129 63 le
732 1563 194 63 lundi
861 1563 151 63 1er
947 1563 237 63 octobre
1119 1563 280 63 prochain,
1334 1563 108 63 à
1356 1563 129 63 deux

256 1615 227 78 heures;
422 1615 165 78 elle
525 1615 165 78 sera
628 1615 186 78 close
752 1615 124 78 le
814 1615 248 78 vendredi
1000 1615 124 78 30
1062 1615 248 78 novembre
1227 1615 207 78 suivant.

295 1686 170 62 ART.
401 1686 128 62 2.
465 1686 107 62 —
508 1686 192 62 Cette
636 1686 298 62 exposition
870 1686 170 62 sera
977 1686 277 62 installée
1190 1686 170 62 dans
1296 1686 149 62 les
1360 1686 128 62 nou-

261 1748 219 84 velles
415 1748 263 84 galeries
612 1748 132 84 du
678 1748 197 84 Musée
809 1748 132 84 de
875 1748 263 84 peinture
1072 1748 241 84 (entrée
1248 1748 153 84 par
1336 1748 132 84 la
1379 1748 110 84 rue

228 1797 216 69 Thiers).

738 1848 227 79 TITRE
864 1848 126 79 II.

313 1934 322 59 Conditions
578 1934 359 59 d’admissibilité
881 1934 113 59 et
937 1934 303 59 dispositions
1164 1934 284 59 relatives

737 2001 146 53 aux
825 2001 190 53 envois

295 2074 174 54 ART.
404 2074 130 54 3.
469 2074 109 54 —
513 2074 152 54 Les
599 2074 217 54 œuvres
751 2074 217 54 d’art,
904 2074 304 54 peintures,
1142 2074 261 54 dessins,
1316 2074 174 54 sculp-

254 2135 214 67 tures,
403 2135 256 67 gravures
595 2135 128 67 et
659 2135 235 67 projets
830 2135 406 67 d’architecture,
1172 2135 214 67 seront
1321 2135 192 67 admis
1428 2135 64 67 à

254 2190 341 54 l’Exposition,
534 2190 200 54 quelle
675 2190 140 54 que
755 2190 160 54 soit
855 2190 260 54 l’origine
1055 2190 120 54 de
1115 2190 180 54 leurs
1216 2190 200 54 auteurs.

291 2253 178 57 ART.
402 2253 133 57 4.
469 2253 111 57 —
513 2253 156 57 Les
602 2253 267 57 artistes
802 2253 289 57 exposants
1025 2253 245 57 devront
1203 2253 133 57 se
1247 2253 245 57 conformer

258 2310 147 53 aux
342 2310 335 53 dispositions
614 2310 126 53 de
677 2310 209 53 l’avis
823 2310 147 53 qui
907 2310 167 53 leur
1012 2310 105 53 a
1053 2310 147 53 été
1137 2310 188 53 donné
1263 2310 105 53 à
1305 2310 126 53 la
1346 2310 147 53 suite

257 2361 116 59 de
315 2361 116 59 la
373 2361 193 59 lettre
508 2361 309 59 d’invitation
759 2361 116 59 du
816 2361 116 59 20
874 2361 174 59 avril
971 2361 135 59 1888.

302 2417 170 59 ART.
408 2417 127 59 5.
472 2417 106 59 —
514 2417 149 59 Une
599 2417 318 59 Commission,
853 2417 276 59 instituée
1066 2417 149 59 par
1151 2417 191 59 nous,
1257 2417 233 59 procèdera

253 2487 108 79 à
297 2487 130 79 la
362 2487 282 79 réception
579 2487 152 79 des
666 2487 260 79 tableaux
861 2487 130 79 et
926 2487 217 79 autres
1078 2487 217 79 œuvres
1230 2487 282 79 présentés
1425 2487 65 79 à

251 2544 187 60 cette
355 2544 270 60 Exposition.
