1998 3149
291 585 180 65 ART.
403 585 157 65 21.
493 585 112 65 —
538 585 135 65 Il
605 585 157 65 est
695 585 359 65 expressément
987 585 247 65 défendu
1167 585 157 65 aux
1234 585 247 65 visiteurs

253 639 134 80 de
320 639 245 80 toucher
498 639 156 80 aux
587 639 223 80 œuvres
743 639 290 80 exposées,
966 639 134 80 ou
1033 639 178 80 d’en
1145 639 245 80 prendre
1301 639 178 80 copie,

254 711 161 60 sans
354 711 361 60 l’autorisation
655 711 120 60 du
716 711 181 60 Maire
836 711 120 60 et
896 711 120 60 de
936 711 221 60 l’auteur.

294 776 176 64 ART.
404 776 154 64 22.
492 776 110 64 —
536 776 154 64 Les
624 776 220 64 cannes
778 776 132 64 et
844 776 308 64 parapluies
1085 776 220 64 seront
1239 776 242 64 déposés
1393 776 88 64 au

257 833 290 57 vestiaire
480 833 223 57 établi
636 833 111 57 à
680 833 268 57 l’entrée
881 833 134 57 du
948 833 223 57 Musée;
1104 833 134 57 il
1171 833 178 57 sera
1282 833 201 57 remis
1394 833 89 57 en

256 891 237 80 échange,
434 891 139 80 aux
513 891 277 80 déposants,
731 891 119 80 un
790 891 198 80 numéro
929 891 237 80 d’ordre.
1107 891 178 80 Ce
1226 891 178 80 dépôt
1325 891 158 80 ne

255 946 260 63 donnera
460 946 149 63 lieu
553 946 93 63 à
590 946 186 63 aucune
701 946 335 63 rétribution

297 1017 127 53 Il
360 1017 149 53 est
445 1017 255 53 interdit
637 1017 127 53 au
700 1017 276 53 concierge
913 1017 127 53 et
976 1017 149 53 aux
1061 1017 234 53 garçons
1231 1017 127 53 de
1295 1017 191 53 salle
1401 1017 85 53 de

262 1070 245 54 recevoir
445 1070 143 54 les
527 1070 367 54 gratifications
833 1070 143 54 qui
915 1070 163 54 leur
1017 1070 245 54 seraient
1200 1070 245 54 offertes
1364 1070 122 54 pour

253 1131 136 72 cet
311 1131 155 72 objet.

291 1194 180 69 ART.
404 1194 158 69 23.
494 1194 113 69 —
539 1194 158 69 Les
629 1194 270 69 gardiens
832 1194 135 69 du
900 1194 203 69 Musée
1035 1194 135 69 et
1102 1194 225 69 autres
1260 1194 225 69 agents
1395 1194 90 69 de

258 1258 129 56 la
323 1258 194 56 Ville
453 1258 302 56 veilleront
690 1258 108 56 à
733 1258 129 56 ce
798 1258 151 56 que
884 1258 129 56 le
949 1258 151 56 bon
1035 1258 194 56 ordre
1164 1258 108 56 y
1208 1258 194 56 règne
1315 1258 173 56 conti-

259 1317 308 58 nuellement
501 1317 242 58 pendant
677 1317 374 58 l’Exposition,
984 1317 132 58 et
1050 1317 110 58 à
1094 1317 132 58 ce
1160 1317 286 58 qu’aucune
1358 1317 132 58 per-

256 1369 188 59 sonne
381 1369 125 59 ne
444 1369 209 59 puisse
590 1369 146 59 s’y
674 1369 272 59 présenter
883 1369 167 59 dans
987 1369 146 59 une
1071 1369 188 59 tenue
1196 1369 146 59 qui
1280 1369 209 59 blesse
1405 1369 84 59 la

255 1427 242 72 décence
431 1427 132 72 ou
497 1427 154 72 les
563 1427 307 72 convenances.

296 1494 180 65 ART.
409 1494 158 65 24.
499 1494 113 65 —
544 1494 135 65 M.
612 1494 135 65 le
679 1494 360 65 Conservateur
972 1494 135 65 du
1040 1494 203 65 Musée
1175 1494 135 65 et
1242 1494 135 65 M.
1310 1494 135 65 le
1355 1494 135 65 Com-

262 1563 254 69 missaire
452 1563 233 69 central
622 1563 127 69 de
685 1563 212 69 police
834 1563 169 69 sont
939 1563 254 69 chargés,
1130 1563 212 69 chacun
1278 1563 127 69 en
1342 1563 127 69 ce
1384 1563 106 69 qui

263 1627 123 58 le
324 1627 266 58 concerne,
528 1627 123 58 de
589 1627 306 58 l’exécution
835 1627 143 58 des
916 1627 327 58 dispositions
1182 1627 123 58 du
1223 1627 204 58 présent.

305 1698 157 104 Fait
404 1698 98 104 à
443 1698 197 104 Rouen,
581 1698 118 104 en
640 1698 413 104 l’Hôtel-de-Ville,
994 1698 118 104 le
1053 1698 118 104 20
1112 1698 177 104 avril
1210 1698 138 104 1888.

868 1814 148 74 R.
966 1814 263 74 GARRETA
1163 1814 197 74 Ad
