1955 3149
428 448 464 66 Récompenses
815 448 335 66 décernées
1072 448 180 66 aux
1175 448 309 66 Artistes
1382 448 283 66 ayant

482 524 283 76 pris
688 524 206 76 part
817 524 129 76 à
868 524 154 76 la
945 524 206 76 XXXe
1074 524 360 76 Exposition
1331 524 334 76 munici

483 589 273 107 pale
682 589 149 107 de
756 589 372 107 Beaux-Arts,
1054 589 124 107 à
1104 589 248 107 Rouen,
1277 589 248 107 en
1426 589 174 107 1886.

720 743 157 86 Prime
824 743 227 86 d’honneur
998 743 192 86 offerte
1138 743 122 86 par
1208 743 105 86 la
1243 743 139 86 Ville.

672 821 148 88 M.
746 821 247 88 GALLAN
919 821 148 88 D,
993 821 271 88 artiste
1165 821 247 88 peintre.

644 941 165 73 Prix
748 941 124 73 du
810 941 331 73 Gouvernement
1078 941 186 73 (vase
1202 941 124 73 de
1243 941 207 73 Sèvres).

573 1007 189 66 MM.
681 1007 270 66 LAFOND
870 1007 162 66 et
951 1007 297 66 MARCEL,
1139 1007 378 66 architectes.

681 1140 157 75 Prix
780 1140 118 75 du
838 1140 295 75 Département
1074 1140 255 75 (médaille
1251 1140 157 75 d’or).

722 1199 135 77 M.
789 1199 270 77 COURTAT,
992 1199 248 77 artiste
1149 1199 225 77 peintre.

794 1324 228 110 Médailles
970 1324 140 110 d’or
1057 1324 105 110 de
1110 1324 105 110 la
1145 1324 140 110 Ville.

732 1433 157 65 MM.
821 1433 224 65 MINET,
978 1433 247 65 artiste
1136 1433 224 65 peintre.

849 1482 136 83 LE
917 1482 318 83 POITTEVIN,
1168 1482 250 83 artiste
1327 1482 227 83 peintre.

846 1548 266 51 JOUBERT,
1046 1548 244 51 artiste
1201 1548 222 51 peintre.

844 1595 317 92 CHÉDANNE,
1063 1595 317 92 architecte.

483 1719 206 70 Médaille
637 1719 137 70 d’or
723 1719 103 70 de
774 1719 240 70 l’Académie
963 1719 120 70 des
1031 1719 223 70 Sciences,
1203 1719 308 70 Belles-Lettres
1460 1719 103 70 et
1494 1719 120 70 Arts.

769 1792 126 98 M.
832 1792 189 98 LIZÉ,
958 1792 231 98 artiste
1106 1792 210 98 peintre.

630 1923 213 70 Médaille
790 1923 142 70 d’or
879 1923 106 70 de
932 1923 106 70 la
985 1923 195 70 Société
1127 1923 124 70 des
1198 1923 142 70 Amis
1287 1923 124 70 des
1340 1923 124 70 Arts.

711 1995 137 76 M.
780 1995 274 76 TYTGADT,
985 1995 251 76 artiste
1145 1995 229 76 peintre.

543 2131 226 73 Hédaille
713 2131 151 73 d’or
807 2131 113 73 de
864 2131 113 73 la
920 2131 207 73 Société
1071 2131 264 73 artistique
1278 2131 113 73 de
1316 2131 226 73 Normandie.

676 2193 133 93 M.
742 2193 133 93 de
809 2193 288 93 BERGEVIN,
1030 2193 244 93 artiste
1185 2193 222 93 peintre.

521 2329 216 77 Médaille
683 2329 144 77 d’or
773 2329 108 77 de
828 2329 108 77 la
882 2329 198 77 Société
1026 2329 162 77 libre
1134 2329 271 77 d’émulation
1351 2329 108 77 du
1387 2329 180 77 Commerce

876 2394 107 76 et
930 2394 107 76 de
965 2394 249 76 l’Industrie.

795 2457 141 86 M.
865 2457 235 86 BÉNET,
1006 2457 282 86 statuaire.
