1955 3149
723 569 666 79 ABRÉVIATIONS

460 813 188 93 H.
585 813 209 93 C.
732 813 251 93 signifie
920 813 146 93 les
1003 813 251 93 artistes
1192 813 167 93 hors
1275 813 230 93 concours;

447 886 274 65 Rap.
618 886 171 65 —
687 886 343 65 Rappel
926 886 206 65 de
995 886 377 65 médaille;

451 946 183 72 E.
543 946 183 72 U.
635 946 153 72 —
696 946 427 72 Exposition
1001 946 427 72 universelle;

453 1006 179 75 E.
543 1006 179 75 I.
633 1006 150 75 —
692 1006 419 75 Exposition
992 1006 509 75 internationale;

453 1062 216 70 Méd.
588 1062 271 70 d’hon.
778 1062 135 70 —
832 1062 325 70 Médaille
1048 1062 325 70 d’honneur;

457 1124 198 72 Méd.
581 1124 174 72 1re
680 1124 174 72 cl.
779 1124 124 72 —
829 1124 297 72 Médaille
1052 1124 149 72 de
1127 1124 297 72 première
1325 1124 223 72 classe;

460 1187 207 71 Méd.
589 1187 155 71 2e
667 1187 181 71 cl.
770 1187 129 71 —
822 1187 310 71 Médaille
1054 1187 155 71 de
1132 1187 310 71 deuxième
1339 1187 233 71 classe;

458 1238 201 73 Méd.
583 1238 151 73 3e
659 1238 176 73 cl.
759 1238 125 73 —
809 1238 301 73 Médaille
1035 1238 151 73 de
1110 1238 326 73 troisième
1336 1238 226 73 classe;

454 1307 235 57 Méd.
601 1307 147 57 —
659 1307 353 57 Médaille
924 1307 294 57 unique
1130 1307 265 57 créée
1306 1307 235 57 pour
1453 1307 176 57 le
1512 1307 206 57 Salon

459 1534 242 78 Dipl.
621 1534 269 78 d’hon.
809 1534 135 78 —
863 1534 296 78 Diplôme
1052 1534 323 78 d’honneur;

452 1588 203 76 M.
554 1588 203 76 H.
655 1588 169 76 —
723 1588 372 76 Mention
959 1588 406 76 honorable;

458 1663 158 71 G.
537 1663 158 71 O.
642 1663 132 71 —
695 1663 474 71 Grand-Officier
1090 1663 158 71 de
1169 1663 290 71 l’Ordre
1380 1663 158 71 de
1459 1663 158 71 la
1511 1663 211 71 Légion

469 2111 150 92 M.
544 2111 150 92 de
619 2111 275 92 l’Inst.
819 2111 125 92 —
869 2111 250 92 Membre
1043 2111 150 92 de
1093 2111 325 92 l’Institut;

454 2184 202 76 A.
555 2184 168 76 2
622 2184 168 76 —
690 2184 403 76 Officier
958 2184 437 76 d’Académie;

960 1375 137 57 de
1029 1375 228 57 Paris,
1188 1375 137 57 en
1256 1375 205 57 1863,
1393 1375 137 57 et
1439 1375 273 57 remplacée,

962 1423 223 66 depuis
1118 1423 201 66 1870,
1252 1423 156 66 par
1341 1423 156 66 des
1430 1423 290 66 médailles
1631 1423 89 66 de

963 1477 308 69 différentes
1190 1477 206 69 classes;

931 1707 302 84 d’honneur;

458 1760 181 76 C.
548 1760 151 76 3
609 1760 151 76 —
669 1760 423 76 Commandeur
1002 1760 181 76 de
1092 1760 332 76 l’Ordre
1334 1760 181 76 de
1425 1760 181 76 la
1485 1760 242 76 Légion

938 1831 295 64 d’honneur;

460 1881 162 61 O.
541 1881 135 61 2
595 1881 135 61 —
649 1881 325 61 Officier
893 1881 162 61 de
974 1881 297 61 l’Ordre
1190 1881 162 61 de
1271 1881 162 61 la
1352 1881 270 61 Légion
1515 1881 216 61 d’hon

909 1953 195 57 neur;

459 2001 167 94 2
525 2001 167 94 —
592 2001 434 94 Chevalier
926 2001 200 94 de
1026 2001 367 94 l’Ordre
1293 2001 200 94 de
1393 2001 200 94 la
1460 2001 267 94 Légion

940 2066 296 73 d’honneur;

460 2233 168 69 I.
544 2233 140 69 2
600 2233 140 69 —
656 2233 335 69 Officier
907 2233 168 69 de
991 2233 475 69 l’Instruction
1355 2233 307 69 publique.
