1998 3149
462 648 692 96 CATALOGUE

267 863 373 108 XXXIe
515 863 580 108 EXPOSITION
930 863 497 108 MUNICIPALE

414 1019 361 66 Ouverte
677 1019 197 66 au
775 1019 296 66 Musée
973 1019 197 66 de
1038 1019 263 66 Rouen.

483 1228 655 107 PEINTURE.

349 1521 223 69 ABÉIDA
505 1521 179 69 (Mme
617 1521 246 69 Marie),
795 1521 156 69 née
885 1521 112 69 à
930 1521 223 69 Paris,
1086 1521 201 69 élève
1220 1521 134 69 de
1287 1521 156 69 MM.
1354 1521 134 69 Bou-

390 1570 211 65 langer
537 1570 126 65 et
601 1570 126 65 J.
664 1570 274 65 Lefebvre.
875 1570 105 65 —
917 1570 232 65 Passage
1086 1570 148 65 des
1170 1570 295 65 Panoramas,
1381 1570 105 65 27,

389 1618 238 53 galerie
562 1618 324 53 Montmartre,
800 1618 173 53 Paris.

281 1666 173 76 1
400 1666 133 76 Colette.

278 1726 203 71 2
419 1726 218 71 Marguerites.

346 1812 238 72 ACCARD
513 1812 310 72 (Eugène),
751 1812 143 72 né
822 1812 119 72 à
870 1812 310 72 Bordeaux,
1108 1812 214 72 élève
1251 1812 238 72 d’Abel
1394 1812 95 72 de

391 1863 190 47 Pujol
518 1863 127 47 et
581 1863 127 47 de
644 1863 127 47 L.
708 1863 253 47 Cogniet;
898 1863 127 47 M.
961 1863 148 47 H.,
1046 1863 211 47 Paris;
1193 1863 169 47 méd.
1299 1863 127 47 de
1341 1863 148 47 verm.

394 1903 126 59 et
457 1903 231 59 d’arg.,
625 1903 210 59 Rouen.
772 1903 105 59 —
814 1903 147 59 Rue
898 1903 357 59 Saint-Honoré,
1191 1903 168 59 189,
1275 1903 168 59 Paris.

281 1957 215 71 3
447 1957 116 71 Les
496 1957 182 71 colombes.

280 2017 218 80 4
448 2017 117 80 Les
515 2017 134 80 deux
582 2017 168 80 placets.

354 2106 211 67 AGACHE
502 2106 422 67 (Alfred-Pierre),
861 2106 127 67 né
924 2106 106 67 à
966 2106 211 67 Lille,
1114 2106 190 67 élève
1241 2106 127 67 de
1304 2106 148 67 MM.
1367 2106 127 67 Plu-

395 2147 206 62 chard
532 2147 137 62 et
601 2147 229 62 Colas;
761 2147 183 62 méd.
875 2147 137 62 3e
944 2147 183 62 cl.,
1058 2147 229 62 Paris,
1219 2147 206 62 1885.
1356 2147 114 62 —
1379 2147 114 62 Rue

397 2194 220 64 Weber,
551 2194 154 64 14,
617 2194 176 64 Paris.

286 2244 196 71 5
421 2244 136 71 Enigme.

1133 2296 142 73 Prêt
1222 2296 106 73 de
1257 2296 160 73 l’Etat.

350 2385 239 69 ALAUX
510 2385 425 69 (Guillaume),
855 2385 159 69 né
935 2385 133 69 à
988 2385 345 69 Bordeaux,
1254 2385 239 69 élève
1387 2385 106 69 de

394 2435 164 45 MM.
487 2435 258 45 Bonnat,
675 2435 258 45 Humbert
862 2435 140 45 et
932 2435 258 45 Gervex;
1119 2435 140 45 M.
1190 2435 164 45 H.,
1283 2435 234 45 Paris.
1424 2435 70 45 —

395 2480 273 60 Boulevard
605 2480 273 60 Berthier,
815 2480 147 60 31,
878 2480 168 60 Paris.

284 2537 205 59 6
438 2537 154 59 Avant
540 2537 102 59 la
574 2537 154 59 course.
