1998 3149
677 442 275 86 PEINTURE.

1344 453 110 56 17

310 564 219 61 AROSA
456 564 219 61 (Mlle
602 564 389 61 Marguerite),
918 564 170 61 née
1015 564 122 61 à
1064 564 243 61 Paris,
1234 564 219 61 élève
1356 564 97 61 de

354 608 137 58 M.
423 608 274 58 Barrias;
628 608 206 58 méd.,
765 608 229 58 Dijon,
925 608 251 58 Evreux;
1108 608 137 58 M.
1177 608 160 58 H.,
1245 608 206 58 Madrid,

351 648 197 69 1887.
483 648 110 69 —
527 648 154 69 Rue
614 648 219 69 Prony,
768 648 132 69 5,
812 648 175 69 Paris.

214 695 244 78 18
388 695 209 78 Andromède.

211 757 264 61 19
419 757 113 61 La
476 757 151 61 mare
570 757 132 61 aux
646 757 151 61 fées
721 757 340 61 (Fontainebleau).

961 793 199 92 (Voir
1111 793 116 92 aux
1160 793 249 92 Dessins)

313 877 248 77 AUGUIN
487 877 520 77 (Louis-Augustin),
932 877 149 77 né
1006 877 124 77 à
1056 877 322 77 Rochefort
1279 877 173 77 (Cha-

360 940 461 57 rente-Inférieure),
758 940 188 57 élève
884 940 126 57 de
946 940 188 57 Corot
1072 940 126 57 et
1135 940 126 57 de
1198 940 126 57 L.
1240 940 209 57 Cogniet;

361 978 145 43 méd.
452 978 109 43 3e
506 978 145 43 cl.,
597 978 164 43 1880;
706 978 145 43 méd.
797 978 109 43 2e
851 978 145 43 cl.,
942 978 164 43 1884,
1051 978 182 43 Paris;
1178 978 164 43 H.
1287 978 182 43 C.
1396 978 55 43 —

356 1019 153 63 Rue
443 1019 131 63 de
509 1019 131 63 la
574 1019 240 63 Course,
749 1019 153 63 67,
814 1019 240 63 Bordeaux.

215 1067 266 73 20
424 1067 152 73 Dans
519 1067 133 73 les
595 1067 171 73 dunes
710 1067 114 73 de
767 1067 228 73 Soustons
919 1067 209 73 (Landes).

314 1130 159 74 AXE
405 1130 228 74 (Jules
565 1130 182 74 de),
678 1130 137 74 né
747 1130 114 74 à
792 1130 228 74 Paris,
951 1130 205 74 élève
1088 1130 137 74 de
1156 1130 159 74 MM.
1247 1130 205 74 Puvis
1361 1130 91 74 de

351 1198 333 61 Chavannes
607 1198 154 61 et
684 1198 512 61 Dagnan-Bouveret.
1119 1198 128 61 —
1170 1198 179 61 Rue
1273 1198 154 61 de
1324 1198 128 61 Ne-

358 1237 214 62 mours,
507 1237 149 62 74,
571 1237 171 62 Paris.

216 1288 261 64 21
421 1288 168 64 Vieux
533 1288 242 64 souvenirs
719 1288 205 64 (nature
849 1288 168 64 morte).

313 1374 246 57 BAILLET
491 1374 290 57 (Ernest),
714 1374 134 57 né
781 1374 112 57 à
826 1374 223 57 Brest,
982 1374 201 57 élève
1116 1374 134 57 de
1183 1374 134 57 M.
1228 1374 223 57 Pelouse;

359 1416 153 54 prix
455 1416 210 54 Troyon,
608 1416 172 54 1879;
722 1416 153 54 méd.
818 1416 115 54 3e
875 1416 153 54 cl.,
971 1416 172 54 1883.
1086 1416 96 54 —
1124 1416 134 54 Rue
1200 1416 230 54 d’Orsel,
1353 1416 96 54 19,

335 1455 179 61 Paris.

218 1501 270 74 22
430 1501 116 74 La
487 1501 289 74 fabrication
718 1501 135 74 des
795 1501 250 74 chaussons
988 1501 116 74 de
1046 1501 212 74 lisière
1200 1501 116 74 en
1238 1501 212 74 Normandie

360 1558 173 65 (une
468 1558 151 65 rue
555 1558 130 65 de
598 1558 411 65 Pont

318 1605 208 76 BANCE
457 1605 301 76 (Albert),
688 1605 139 76 né
757 1605 116 76 à
804 1605 231 76 Paris,
965 1605 208 76 élève
1104 1605 139 76 de
1174 1605 208 76 Butin
1312 1605 139 76 et
1359 1605 93 76 de

357 1676 142 47 M.
428 1676 166 47 Van
523 1676 261 47 Marcke;
713 1676 190 47 méd.
832 1676 142 47 de
903 1676 190 47 br.,
1022 1676 380 47 Montpellier;
1307 1676 142 47 méd.

358 1711 231 53 d’arg.,
526 1711 630 53 Saint-Germain-en-Laye.—Rue
1093 1711 336 53 Lechatelier,
1345 1711 105 53 13,

329 1752 184 65 Paris.

213 1811 257 61 23
414 1811 165 61 Vache
506 1811 202 61 normande.

220 1862 243 79 24
411 1862 156 79 Vieux
515 1862 174 79 arbres
637 1862 104 79 et
672 1862 156 79 poules.

314 1947 266 51 BARABAN
508 1947 218 51 (Mlle
653 1947 315 51 Blanche),
895 1947 170 51 née
992 1947 121 51 à
1040 1947 145 51 la
1089 1947 363 51 Petite

360 1998 279 50 (Alsace),
574 1998 193 50 élève
703 1998 129 50 de
768 1998 150 50 MM.
854 1998 193 50 Furcy
982 1998 129 50 de
1047 1998 258 50 Lavault,
1240 1998 215 50 Henner
1369 1998 86 50 et

361 2040 245 46 Carolus
539 2040 223 46 Duran;
695 2040 178 46 méd.
806 2040 223 46 d’arg.
962 2040 134 46 et
1028 2040 134 46 M.
1095 2040 134 46 H.
1162 2040 134 46 en
1206 2040 245 46 province.

360 2081 110 62 —
404 2081 154 62 Rue
492 2081 397 62 Saint-Maixent,
823 2081 154 62 16,
889 2081 176 62 Niort.

214 2131 260 61 25
419 2131 111 61 Un
474 2131 148 61 coin
567 2131 111 61 de
623 2131 167 61 ferme
734 2131 186 61 l’été,
864 2131 111 61 en
901 2131 167 61 Vendée.

216 2189 246 75 26
410 2189 176 75 Fleurs
533 2189 105 75 de
568 2189 211 75 printemps.

316 2256 296 64 BARILLOT
538 2256 271 64 (Léon),
736 2256 148 64 né
810 2256 123 64 à
859 2256 518 64 Montigny-lès-Metz
1278 2256 173 64 (Lor-

356 2320 251 51 raine),
539 2320 205 51 élève
675 2320 137 51 de
744 2320 137 51 M.
812 2320 251 51 Bonnat;
994 2320 205 51 méd.,
1131 2320 137 51 3e
1199 2320 182 51 cl.,
1290 2320 160 51 1880;

362 2359 136 62 méd.
447 2359 102 62 2e
498 2359 136 62 cl.,
583 2359 170 62 Paris,
702 2359 153 62 1884;
804 2359 119 62 1re
872 2359 153 62 méd.,
973 2359 204 62 Londres,
1126 2359 153 62 1884.
1228 2359 153 62 H.
1313 2359 136 62 C.

356 2403 111 65 —
400 2403 155 65 Rue
489 2403 133 65 de
555 2403 133 65 la
622 2403 444 65 Tour-d’Auvergne,
999 2403 155 65 16,
1066 2403 177 65 Paris.

218 2443 247 84 27
413 2443 177 84 Rouget
536 2443 106 84 et
589 2443 106 84 sa
624 2443 124 84 mère.

216 2504 267 75 28
426 2504 172 75 Bords
540 2504 114 75 du
598 2504 172 75 canal
712 2504 305 75 d’Ouistreham
941 2504 248 75 (Calvados).
