1955 3149
385 458 118 79 20

890 458 279 87 PEINTURE.

526 561 274 77 BERGEVIN
731 561 274 77 (Edouard
937 561 182 77 de),
1051 561 137 77 né
1119 561 114 77 à
1164 561 205 77 Couhé
1301 561 296 77 (Vienne),
1506 561 160 77 élève

566 623 147 54 de
639 623 171 54 MM.
737 623 269 54 Gérôme,
932 623 220 54 Lebel
1079 623 147 54 et
1152 623 318 54 Zacharie;
1397 623 196 54 méd.
1495 623 171 54 d’or,

569 664 212 70 Rouen,
717 664 191 70 1886.
844 664 106 70 —
887 664 148 70 Rue
971 664 254 70 d’Assas,
1162 664 148 70 60,
1226 664 169 70 Paris.

428 713 246 70 54
621 713 193 70 Portait
762 713 105 70 de
814 713 105 70 M.
867 713 105 70 G.
920 713 105 70 de
955 713 70 70 F.

431 776 218 80 55
587 776 172 80 Négresse.

527 845 333 67 BERTHÉLEMY
789 845 452 67 (Pierre-Emile),
1170 845 143 67 né
1241 845 119 67 à
1289 845 238 67 Rouen,
1456 845 214 67 élève
1575 845 95 67 de

569 896 258 56 l’Ecole
756 896 164 56 des
850 896 328 56 Beaux-Arts
1108 896 141 56 de
1178 896 234 56 Rouen;
1342 896 141 56 M.
1412 896 164 56 H.,
1483 896 187 56 Paris;

573 940 169 47 méd.
678 940 169 47 d’or
784 940 127 47 et
847 940 232 47 d’arg.,
1016 940 211 47 Rouen,
1164 940 127 47 Le
1227 940 211 47 Havre,
1375 940 190 47 Caen,
1480 940 190 47 Amiens,

576 980 190 54 Porto
702 980 316 54 (Portugal),
955 980 253 54 Alençon,
1145 980 295 54 Périgueux,
1377 980 232 54 Evreux,
1524 980 148 54 Mont-

574 1022 253 62 pellier,
764 1022 443 62 Boulogne-sur-Mer.
1144 1022 106 62 —
1186 1022 148 62 Rue
1271 1022 232 62 Berthe,
1440 1022 148 62 13,
1503 1022 169 62 Paris.

430 1076 266 58 56
639 1076 133 58 Vue
715 1076 114 58 de
772 1076 228 58 l’entrée
943 1076 114 58 du
1000 1076 171 58 canal
1115 1076 95 58 à
1153 1076 285 58 Ouistreham,
1381 1076 171 58 effet
1476 1076 190 58 d’orage.

429 1130 312 80 57
674 1130 134 80 Un
741 1130 312 80 «Picoteux»
986 1130 245 80 (barque
1164 1130 134 80 de
1231 1130 200 80 pêche
1364 1130 134 80 de
1431 1130 134 80 la
1498 1130 178 80 côte
1587 1130 89 80 du

555 1177 265 61 Calvados).

533 1234 320 82 BERTHÉLEMY
785 1234 480 82 (Valentin-Emile),
1196 1234 137 82 né
1265 1234 114 82 à
1310 1234 229 82 Rouen,
1470 1234 206 82 élève
1585 1234 91 82 de

576 1300 154 53 MM.
664 1300 329 53 Berthélemy,
927 1300 220 53 Gérôme
1081 1300 132 53 et
1147 1300 307 53 Boulanger;
1389 1300 176 53 méd.
1476 1300 198 53 d’arg.,

577 1344 244 55 Londres;
760 1344 122 55 M.
821 1344 142 55 H.,
902 1344 183 55 Caen,
1024 1344 203 55 Dijon.
1166 1344 102 55 —
1207 1344 142 55 Rue
1288 1344 224 55 Berthe,
1450 1344 142 55 13,
1511 1344 163 55 Paris.

433 1388 277 67 58
651 1388 198 67 Ecurie
789 1388 119 67 de
848 1388 119 67 la
907 1388 178 67 ferme
1026 1388 316 67 Guillemette,
1283 1388 99 67 à
1303 1388 375 67 Bernières

555 1438 281 70 (Calvados).

437 1486 239 80 59
624 1486 136 80 Cour
710 1486 102 80 de
744 1486 136 80 ferme.

539 1554 241 76 BERTHON
714 1554 307 76 (Nicolas),
955 1554 131 76 né
1021 1554 110 76 à
1065 1554 219 76 Paris,
1218 1554 197 76 élève
1349 1554 131 76 de
1415 1554 131 76 L.
1459 1554 219 76 Cogniet;

580 1614 169 48 méd.
685 1614 232 48 unique,
854 1614 190 48 1866;
981 1614 169 48 méd.
1087 1614 127 48 2e
1150 1614 169 48 cl.,
1256 1614 190 48 1888.
1382 1614 106 48 —
1425 1614 211 48 Avenue
1551 1614 127 48 Tru-

583 1658 205 70 daine,
726 1658 143 70 17,
787 1658 164 70 Paris.

439 1712 242 73 60
629 1712 225 73 Intérieur
785 1712 207 73 auvergnat.

539 1768 233 80 BERTON
702 1768 396 80 (Paul-Emile),
1027 1768 140 80 né
1097 1768 116 80 à
1144 1768 349 80 Chartrettes
1400 1768 279 80 (Seine-

586 1831 236 49 Marne),
757 1831 193 49 élève
886 1831 129 49 de
950 1831 150 49 MM.
1036 1831 257 49 Allongé,
1229 1831 257 49 Delaunay
1422 1831 129 49 et
1486 1831 193 49 Puvis
1593 1831 86 49 de

579 1878 335 62 Chavannes;
842 1878 144 62 M.
914 1878 168 62 H.,
1010 1878 239 62 Paris,
1177 1878 215 62 1885.
1321 1878 120 62 —
1369 1878 168 62 Rue
1465 1878 144 62 de
1512 1878 168 62 Miro-

582 1911 227 65 mesnil,
748 1911 145 65 77,
810 1911 165 65 Paris.

440 1944 268 86 61
650 1944 115 86 Le
707 1944 229 86 pâturage
879 1944 153 86 dans
975 1944 115 86 la
1032 1944 172 86 forêt
1147 1944 115 86 de
1204 1944 325 86 Fontainebleau
1453 1944 229 86 (automne).

442 2023 224 72 62
618 2023 96 72 La
650 2023 112 72 mare.

540 2100 255 55 BESNUS
718 2100 509 55 (Michel-Amédée),
1150 2100 153 55 né
1227 2100 127 55 à
1278 2100 255 55 Paris,
1456 2100 229 55 élève
1583 2100 102 55 de

582 2141 127 60 L.
645 2141 254 60 Cogniet;
836 2141 275 60 plusieurs
1047 2141 190 60 méd.,
1174 2141 169 60 dont
1279 2141 148 60 une
1364 2141 106 60 à
1406 2141 211 60 Rouen,
1533 2141 148 60 1864,

586 2188 119 53 et
646 2188 139 53 une
725 2188 99 53 à
765 2188 238 53 Londres,
944 2188 119 53 E.
1003 2188 139 53 U.,
1083 2188 179 53 1874.
1202 2188 99 53 —
1242 2188 139 53 Rue
1321 2188 199 53 Mayet,
1460 2188 139 53 24,
1520 2188 159 53 Paris.

443 2242 274 83 63
659 2242 235 83 Pâturage
835 2242 98 83 à
874 2242 293 83 Pennedepie,
1108 2242 156 83 près
1206 2242 235 83 Honfleur
1363 2242 254 83 (Calvados).

546 2315 210 65 BINET
686 2315 327 65 (Georges),
943 2315 140 65 né
1013 2315 140 65 au
1083 2315 234 65 Havre,
1246 2315 210 65 élève
1386 2315 140 65 de
1433 2315 257 65 Lhuillier

586 2365 132 62 et
652 2365 132 62 de
718 2365 241 62 Collin.
893 2365 110 62 —
937 2365 154 62 Rue
1025 2365 483 62 Denfert-Rochereau,
1442 2365 154 62 37,
1507 2365 176 62 Paris.

446 2410 248 73 64
623 2410 283 73 Chrysanthèmes.

449 2469 236 78 65
634 2469 168 78 Nature
735 2469 135 78 morte.

1205 2531 196 70 (Voir
1351 2531 114 70 aux
1400 2531 245 70 Dessins)
