1955 3149
471 435 114 62 24

977 445 279 68 PEINTURE.

628 545 204 82 BUJON
765 545 431 82 (Emile-Victor),
1128 545 136 82 né
1196 545 114 82 à
1241 545 227 82 Rouen,
1400 545 204 82 élève
1537 545 136 82 de
1582 545 159 82 Morin

669 602 140 69 et
739 602 140 69 de
809 602 140 69 M.
878 602 210 69 Yvon.
1018 602 117 69 —
1065 602 163 69 Rue
1158 602 256 69 Firmin,
1345 602 140 69 5,
1391 602 350 69 Boisguillaume

652 639 424 67 (Seine

534 692 244 87 96
725 692 244 87 Morsbronn,
917 692 87 87 6
952 692 140 87 août
1022 692 122 87 1870.

705 764 167 71 .....
817 764 111 71 «A
872 764 111 71 la
928 764 167 71 suite
1039 764 111 71 de
1094 764 111 71 ce
1150 764 222 71 sanglant
1316 764 278 71 engagement,
1538 764 111 71 le
1594 764 111 71 9e
1631 764 111 71 cui

666 814 86 51 «
700 814 206 51 rassiers
855 814 120 51 fut
924 814 206 51 dissout,
1078 814 103 51 et
1130 814 120 51 ses
1198 814 172 51 débris
1319 814 172 51 versés
1439 814 103 51 au
1490 814 103 51 8e
1542 814 103 51 de
1576 814 155 51 l’arme.

664 847 88 48 «
700 847 193 48 Soudain
840 847 281 48 apparaissent
1068 847 123 48 les
1138 847 228 48 lanciers,
1314 847 105 48 le
1366 847 105 48 6e
1419 847 211 48 régiment
1577 847 105 48 de
1612 847 123 48 cette

663 878 89 57 »
699 878 160 57 arme.
806 878 125 57 Les
877 878 125 57 1er
948 878 107 57 et
1002 878 107 57 3e
1055 878 232 57 escadrons
1234 878 196 57 partent
1376 878 143 57 sous
1466 878 125 57 les
1537 878 178 57 ordres
1644 878 89 57 des

660 919 99 49 «
700 919 278 49 capitaines
919 919 219 49 Lefèvre
1078 919 119 49 et
1137 919 199 49 Ponet.
1277 919 139 49 Les
1356 919 179 49 gaies
1475 919 239 49 couleurs
1635 919 99 49 des

664 948 98 55 «
703 948 215 55 flammes
859 948 137 55 des
937 948 195 55 lances
1073 948 156 55 font
1171 948 117 55 un
1229 948 254 55 contraste
1424 948 215 55 navrant
1580 948 156 55 avec
1658 948 78 55 la

661 980 113 61 «»
718 980 244 61 boucherie
906 980 132 61 qui
981 980 113 61 va
1037 980 207 61 suivre;
1188 980 132 61 les
1263 980 226 61 lanciers
1432 980 226 61 galopent
1601 980 132 61 sur
1658 980 75 61 un

662 1021 92 48 »
698 1021 203 48 terrain
846 1021 111 48 où
901 1021 111 48 le
957 1021 148 48 sang
1049 1021 166 48 coule
1160 1021 148 48 dans
1252 1021 129 48 les
1326 1021 203 48 rigoles
1474 1021 111 48 et
1529 1021 203 48 s’étale
1658 1021 74 48 en

661 1053 89 51 «
697 1053 214 51 plaques.
857 1053 125 51 Les
929 1053 214 51 lanciers
1089 1053 250 51 splendides
1286 1053 107 51 de
1339 1053 214 51 crânerie
1500 1053 107 51 et
1536 1053 196 51 d’entrain

659 1092 101 55 »
699 1092 243 55 poussent
882 1092 182 55 leurs
1003 1092 223 55 chevaux
1165 1092 142 55 sur
1246 1092 263 55 Morsbronn
1449 1092 101 55 à
1489 1092 122 55 la
1550 1092 182 55 suite
1651 1092 81 55 du

660 1126 89 54 «
696 1126 107 54 9e
749 1126 286 54 cuirassiers.
981 1126 161 54 Après
1088 1126 125 54 une
1160 1126 178 54 charge
1285 1126 143 54 d’un
1374 1126 161 54 quart
1481 1126 214 54 d’heure,
1624 1126 107 54 dans

660 1158 89 59 »
696 1158 107 59 un
749 1158 143 59 pays
838 1158 107 59 de
892 1158 214 59 collines
1052 1158 196 59 boisées
1195 1158 107 59 de
1249 1158 178 59 haies,
1373 1158 107 59 de
1427 1158 303 59 houblonnières
1659 1158 71 59 et

659 1197 88 58 «
695 1197 105 58 de
747 1197 193 58 vignes,
887 1197 210 58 sillonné
1045 1197 105 58 de
1097 1197 175 58 fossés
1220 1197 105 58 et
1273 1197 105 58 de
1325 1197 193 58 ravins,
1465 1197 123 58 les
1535 1197 140 58 deux
1605 1197 123 58 esca-

656 1236 91 49 »
692 1236 164 49 drons
801 1236 109 49 du
856 1236 109 49 6e
911 1236 219 49 lanciers
1075 1236 146 49 sont
1147 1236 219 49 anéantis.»

657 1276 135 64 Tiré
742 1276 102 64 de
792 1276 203 64 Français
945 1276 102 64 et
995 1276 237 64 Allemands,
1182 1276 118 64 par
1249 1276 135 64 Dick
1334 1276 102 64 de
1385 1276 169 64 Lonlay
1486 1276 237 64 (1870

522 1319 240 67 97
710 1319 223 67 Mouvement
865 1319 257 67 d’artillerie.

614 1417 214 76 CABRIT
763 1417 235 76 (Jean),
934 1417 128 76 né
998 1417 107 76 à
1041 1417 278 76 Bordeaux;
1255 1417 128 76 M.
1319 1417 150 76 H.,
1404 1417 214 76 Paris,
1554 1417 192 76 1888.
1661 1417 64 76 —

656 1465 149 66 Rue
741 1465 128 66 de
805 1465 128 66 la
869 1465 298 66 Rousselle,
1103 1465 149 66 77,
1167 1465 234 66 Bordeaux.

517 1510 266 69 98
726 1510 209 69 Coteaux
878 1510 114 69 de
935 1510 228 69 Bernezac
1107 1510 95 69 à
1126 1510 437 69 Saint

606 1610 260 64 CABUZEL
796 1610 497 64 (Auguste-Hector),
1222 1610 142 64 né
1293 1610 118 64 à
1317 1610 402 64 Bray

649 1650 197 53 élève
780 1650 131 53 de
846 1650 131 53 H.
912 1650 241 53 Vernet,
1087 1650 131 53 de
1153 1650 131 53 L.
1218 1650 263 53 Cogniet,
1415 1650 131 53 de
1481 1650 175 53 Pils
1591 1650 131 53 et
1634 1650 88 53 de

649 1690 135 69 M.
716 1690 336 69 Toulmouche.
985 1690 112 69 —
1030 1690 157 69 Rue
1119 1690 135 69 de
1187 1690 314 69 Vaugirard,
1433 1690 157 69 64,
1501 1690 179 69 Paris.

518 1744 214 72 99
671 1744 199 72 Méditation.

605 1806 261 92 CAGNIART
801 1806 261 92 (Emile),
997 1806 131 92 né
1062 1806 109 92 à
1106 1806 218 92 Paris,
1258 1806 196 92 élève
1389 1806 131 92 de
1454 1806 131 92 M.
1519 1806 131 92 A.
1563 1806 152 92 Guil-

646 1881 205 59 lemet;
790 1881 164 59 méd.
893 1881 123 59 3e
954 1881 164 59 cl.,
1057 1881 205 59 Paris;
1201 1881 164 59 méd.
1303 1881 144 59 1re
1386 1881 164 59 cl.,
1488 1881 205 59 Lyon.—
1611 1881 103 59 Rue

645 1921 128 61 de
709 1921 255 61 Navarin,
900 1921 128 61 6,
943 1921 170 61 Paris.

481 1972 291 78 100
713 1972 116 78 La
771 1972 174 78 berge
887 1972 116 78 du
946 1972 155 78 quai
1042 1972 232 78 d’Orsay,
1217 1972 97 78 à
1256 1972 194 78 Paris,
1391 1972 116 78 en
1430 1972 213 78 décembre.

482 2026 270 76 101
698 2026 126 76 Une
770 2026 144 76 mare
860 2026 90 76 à
896 2026 216 76 Gentilly
1040 2026 180 76 (Seine).

832 2090 223 80 (Voir
1000 2090 130 80 aux
1074 2090 205 80 Dessins
1223 2090 112 80 et
1279 2090 93 80 à
1316 2090 112 80 la
1354 2090 316 80 Sculpture)

598 2159 196 93 CAPRI
729 2159 349 93 (Ferdinand),
1013 2159 131 93 né
1078 2159 109 93 à
1122 2159 262 93 Florence
1318 2159 153 93 (de
1406 2159 240 93 parents
1558 2159 153 93 fran-

640 2231 206 72 çais).
785 2231 103 72 —
826 2231 206 72 Avenue
970 2231 124 72 de
1032 2231 268 72 Villiers,
1238 2231 144 72 18,
1299 2231 165 72 Paris.

480 2258 242 84 102
673 2258 113 84 Les
722 2258 145 84 adieux.

597 2357 301 62 CARL-ROSA
829 2357 278 62 (Mario),
1037 2357 139 62 né
1107 2357 116 62 à
1153 2357 232 62 Loudun
1315 2357 301 62 (Vienne),
1547 2357 139 62 A.
1593 2357 116 62 8.—

638 2414 111 79 A
682 2414 312 79 l’Académie
927 2414 156 79 des
1016 2414 312 79 Beaux-Arts
1261 2414 156 79 des
1328 2414 378 79 Champs

637 2454 256 69 faubourg
829 2454 363 69 Saint-Honoré,
1127 2454 149 69 30,
1191 2454 171 69 Paris.

474 2503 274 74 103
693 2503 237 74 Rangiport
875 2503 183 74 (bords
1003 2503 110 74 de
1040 2503 164 74 Seine).
