1921 3127
881 457 276 73 PEINTURE.

529 544 228 99 COUDER
689 544 388 99 (E.-Gustave),
1009 544 137 99 né
1077 544 114 99 à
1123 544 228 99 Paris;
1283 544 206 99 méd.,
1397 544 251 99 Philadel-

571 609 207 68 phie,
709 609 207 68 1876;
847 609 184 68 méd.
962 609 138 68 de
1031 609 230 68 verm.,
1191 609 230 68 Rouen,
1352 609 207 68 1882.
1490 609 115 68 —
1513 609 138 68 Quai

573 653 350 73 Saint-Michel,
862 653 144 73 13,
923 653 165 73 Paris.

410 717 255 60 139
614 717 102 60 Un
665 717 187 60 dessert
802 717 102 60 de
836 717 119 60 fête.

408 773 270 77 140
624 773 234 77 Bourriche
805 773 108 77 de
841 773 180 77 pensées.

531 836 212 81 COUTIL
679 836 360 81 (Léon-Marie),
975 836 127 81 né
1039 836 106 81 à
1081 836 508 81 Villiers-sur-Andely,
1505 836 148 81 élève

569 900 136 53 de
637 900 136 53 M.
705 900 249 53 Jérôme.
886 900 113 53 —
931 900 158 53 Rue
1021 900 158 53 aux
1112 900 271 53 Prêtres,
1315 900 158 53 aux
1383 900 226 53 Andelys.

409 953 269 73 141
606 953 287 73 Chrysanthèmes.

990 986 269 70 Appartient
1201 986 96 70 à
1240 986 115 70 M.
1278 986 154 70 Riout.

1141 1039 202 76 (Voir
1293 1039 84 76 à
1327 1039 101 76 la
1360 1039 253 76 Gravure)

529 1106 216 85 CRENN
673 1106 551 85 (Arthur-Ferdinand),
1152 1106 144 85 né
1224 1106 168 85 aux
1296 1106 359 85 Authieux-

571 1166 243 80 Calonne
748 1166 332 80 (Calvados).
1013 1166 111 80 —
1058 1166 155 80 Rue
1146 1166 288 80 d’Amiens,
1368 1166 155 80 48,
1434 1166 177 80 Rouen.

411 1226 262 76 142
620 1226 174 76 Nature
724 1226 140 76 morte.

528 1297 230 64 CURZON
689 1297 368 64 (Paul-Alfred
988 1297 184 64 de),
1103 1297 138 64 né
1172 1297 115 64 à
1218 1297 299 64 Poitiers,
1448 1297 207 64 élève
1563 1297 92 64 de

574 1333 245 70 Drolling
757 1333 122 70 et
818 1333 122 70 de
879 1333 122 70 M.
941 1333 204 70 Cabat;
1083 1333 163 70 méd.
1185 1333 122 70 2e
1246 1333 163 70 cl.,
1348 1333 183 70 1857;
1450 1333 204 70 rappels,

573 1379 194 69 1859.
703 1379 194 69 1861,
833 1379 194 69 1863;
984 1379 194 69 1865;
1113 1379 173 69 méd.
1221 1379 130 69 3e
1286 1379 173 69 cl.,
1394 1379 130 69 E.
1459 1379 130 69 U.
1502 1379 151 69 1867;

580 1419 139 65 méd.
666 1419 104 65 2e
718 1419 139 65 cl.,
805 1419 104 65 E.
857 1419 104 65 U.
909 1419 156 65 1848;
1013 1419 156 65 H.
1117 1419 173 65 C.
1239 1419 87 65 —
1273 1419 225 65 Boulevard
1447 1419 191 65 Suchet,
1568 1419 87 65 15,

549 1476 321 59 Paris

409 1523 297 66 143
647 1523 158 66 Rade
746 1523 119 66 de
805 1523 218 66 Toulon,
964 1523 139 66 vue
1043 1523 178 66 prise
1161 1523 119 66 du
1221 1523 198 66 coteau
1359 1523 119 66 de
1399 1523 198 66 Tamaris.

410 1565 302 84 144
651 1565 141 84 Vue
732 1565 121 84 de
792 1565 121 84 la
852 1565 181 84 ville
973 1565 121 84 de
1033 1565 181 84 Capri
1154 1565 121 84 et
1214 1565 282 84 cueillette
1436 1565 141 84 des
1496 1565 161 84 olives

575 1634 208 71 (golfe
721 1634 125 71 de
762 1634 208 71 Naples).

1160 1651 202 86 (Voir
1312 1651 118 86 aux
1362 1651 253 86 Dessins)

529 1731 289 75 CUVELIER
746 1731 385 75 (Alexandre),
1059 1731 145 75 né
1131 1731 120 75 à
1179 1731 337 75 Saint-Omer
1420 1731 241 75 (Pas-

576 1773 260 72 Calais),
771 1773 195 72 élève
901 1773 130 72 de
966 1773 130 72 M.
1031 1773 195 72 J.-P.
1161 1773 260 72 Laurens.
1356 1773 108 72 —
1399 1773 152 72 Rue
1486 1773 130 72 de
1529 1773 130 72 Ver-

580 1842 199 63 neuil,
719 1842 139 63 22,
779 1842 159 63 Paris.

417 1889 223 67 145
580 1889 134 67 Fleurs.

534 1948 199 88 CUYER
667 1948 309 88 (Edouard),
910 1948 133 88 né
976 1948 111 88 à
1020 1948 221 88 Paris,
1175 1948 199 88 élève
1307 1948 133 88 de
1374 1948 133 88 M.
1440 1948 243 88 Bonnat.
1595 1948 66 88 —

580 2006 151 74 Rue
667 2006 129 74 de
731 2006 215 74 Seine,
882 2006 151 74 13,
947 2006 172 74 Paris.

418 2059 272 78 146
635 2059 218 78 Portrait
799 2059 109 78 de
853 2059 109 78 ma
889 2059 127 78 sœur.

539 2109 247 90 DAMERON
718 2109 270 90 (Emile),
921 2109 135 90 né
988 2109 112 90 à
1033 2109 225 90 Paris,
1190 2109 202 90 élève
1325 2109 135 90 de
1392 2109 135 90 M.
1437 2109 225 90 Pelouse;

589 2170 143 67 méd.
679 2170 107 67 3e
732 2170 143 67 cl.,
822 2170 179 67 Paris,
947 2170 161 67 1878;
1055 2170 143 67 méd.
1144 2170 107 67 2e
1198 2170 143 67 cl.,
1288 2170 161 67 1882;
1395 2170 161 67 H.
1503 2170 179 67 C.
1610 2170 54 67 —

587 2227 150 61 Rue
672 2227 214 61 Bréda,
822 2227 150 61 26,
887 2227 171 61 Paris.

423 2279 259 78 147
630 2279 155 78 Bords
734 2279 104 78 de
785 2279 104 78 la
820 2279 138 78 Seine.

1312 2299 141 78 Prêt
1400 2299 106 78 de
1436 2299 158 78 l’Etat.

545 2370 233 82 DAMOYE
708 2370 257 82 (Pierre
894 2370 350 82 -Emmanuel),
1174 2370 140 82 né
1244 2370 117 82 à
1291 2370 233 82 Paris,
1454 2370 210 82 élève
1571 2370 93 82 de

589 2424 169 80 Corot
702 2424 113 80 et
758 2424 113 80 de
815 2424 244 80 Daubigny;
1003 2424 113 80 3e
1059 2424 113 80 et
1116 2424 113 80 2e
1172 2424 169 80 méd.,
1285 2424 188 80 Paris;
1417 2424 169 80 H.
1511 2424 150 80 C.

589 2479 110 68 —
633 2479 154 68 Rue
721 2479 286 68 Fontaine,
940 2479 154 68 37,
1006 2479 176 68 Paris.

428 2533 281 67 148
653 2533 112 67 Le
709 2533 168 67 vieux
821 2533 187 67 chemin
952 2533 112 67 de
990 2533 243 67 Saint
