1927 3131
405 443 116 67 30

915 437 274 71 PEINTURE.

569 548 256 64 DECAMPS
755 548 303 64 (Albert),
988 548 140 64 né
1058 548 116 64 à
1105 548 233 64 Allery
1268 548 280 64 (Somme),
1477 548 210 64 élève
1594 548 93 64 de

612 589 129 73 M.
677 589 237 73 Vollon;
849 589 172 73 méd.
957 589 129 73 de
1021 589 172 73 br.,
1129 589 237 73 Amiens;
1301 589 172 73 méd.
1408 589 237 73 d’arg.,
1559 589 129 73 Bou-

612 644 415 73 logne-sur-Mer.
957 644 115 73 —
1003 644 115 73 A
1050 644 230 73 Allery
1188 644 230 73 (Somme).

449 702 282 78 162
675 702 320 78 Convalescence
938 702 113 78 de
995 702 113 78 la
1032 702 245 78 grand’mère.

453 778 238 70 163
628 778 159 70 Paysage.

574 862 298 68 DEHAUSSY
797 862 198 68 (Mme
921 862 273 68 Adèle),
1120 862 174 68 née
1219 862 124 68 à
1268 862 223 68 Meaux
1392 862 298 68 (Seine-

620 917 236 53 Marne),
791 917 193 53 élève
920 917 129 53 de
984 917 129 53 M.
1048 917 193 53 Jules
1177 917 279 53 Dehaussy;
1391 917 193 53 méd.,
1498 917 193 53 Amiens;

619 954 131 62 M.
685 954 153 62 H.,
772 954 197 62 Caen,
903 954 175 62 etc.
1013 954 109 62 —
1056 954 109 62 A
1100 954 131 62 la
1166 954 372 62 Guillonnerie,
1471 954 153 62 par
1537 954 153 62 Orsay

599 1004 368 64 (Seine

457 1070 268 57 164
671 1070 107 57 La
725 1070 178 57 petite
832 1070 196 57 ménagère.

579 1153 274 78 DEHAUSSY
785 1153 274 78 (Jules),
990 1153 137 78 né
1058 1153 114 78 à
1104 1153 251 78 Péronne
1286 1153 274 78 (Somme),
1492 1153 205 78 élève
1606 1153 91 78 de

623 1207 163 46 Th.
716 1207 303 46 Fragonard
949 1207 140 46 et
1019 1207 140 46 de
1089 1207 140 46 A.
1159 1207 303 46 Dehaussy;
1392 1207 210 46 méd.,
1509 1207 186 46 Paris,

627 1250 192 47 Porto
755 1250 320 47 (Portugal),
1011 1250 277 47 Besançon;
1224 1250 192 47 dipl.
1352 1250 235 47 d’hon.,
1501 1250 192 47 Amiens,

625 1282 350 56 Montpellier,
910 1282 175 56 etc.
1019 1282 109 56 —
1063 1282 109 56 A
1106 1282 131 56 la
1172 1282 372 56 Guillonnerie,
1478 1282 153 56 par
1544 1282 153 56 Orsay

604 1333 372 59 (Seine

460 1390 282 65 165
686 1390 113 65 En
743 1390 226 65 faction;
912 1390 113 65 un
968 1390 207 65 piquier
1119 1390 151 65 sous
1213 1390 169 65 Louis
1307 1390 132 65 XIII.

582 1482 301 63 DELACROIX
814 1482 441 63 (Henri-Eugène),
1185 1482 139 63 né
1254 1482 116 63 à
1301 1482 278 63 Solesmes
1486 1482 209 63 (Nord),

626 1537 193 52 élève
754 1537 129 52 de
819 1537 129 52 M.
883 1537 257 52 Cabanel;
1076 1537 193 52 méd.,
1205 1537 214 52 Paris,
1355 1537 214 52 1876.—
1505 1537 107 52 A
1526 1537 172 52 l’Aca-

626 1573 196 57 démie
757 1573 130 57 de
822 1573 348 57 Valenciennes
1082 1573 196 57 (Nord).

465 1643 238 69 166
656 1643 143 69 Clair
751 1643 95 69 de
783 1643 111 69 lune.

661 1711 187 53 «Quant
792 1711 112 53 la
848 1711 150 53 nuit
942 1711 243 53 lentement
1129 1711 206 53 déroule
1278 1711 131 53 sur
1353 1711 112 53 la
1390 1711 150 53 plaine

660 1749 93 48 »
698 1749 130 48 Son
772 1749 148 48 long
864 1749 167 48 voile
976 1749 111 48 de
1031 1749 167 48 brume
1143 1749 111 48 en
1198 1749 241 48 ténébreux
1365 1749 167 48 replis,

661 1793 89 44 «
697 1793 106 44 Le
750 1793 213 44 troupeau
909 1793 106 44 se
963 1793 230 44 resserre,
1140 1793 106 44 et
1193 1793 106 44 sa
1246 1793 195 44 visible
1370 1793 160 44 haleine

660 1831 94 40 «
698 1831 131 40 Lui
773 1831 169 40 trace
885 1831 169 40 comme
998 1831 113 40 un
1054 1831 169 40 nimbe
1167 1831 131 40 aux
1242 1831 188 40 rayons
1355 1831 225 40 affaiblis,

667 1862 86 45 »
701 1862 121 45 Sur
770 1862 121 45 les
840 1862 156 45 fonds
943 1862 190 45 violets
1082 1862 138 45 dans
1168 1862 190 45 l’ombre
1289 1862 208 45 ensevelis,

662 1885 93 55 »
700 1885 111 55 Où
755 1885 204 55 dorment
904 1885 111 55 le
959 1885 223 55 chardon,
1126 1885 111 55 le
1182 1885 167 55 thym,
1293 1885 111 55 la
1330 1885 241 55 marjolaine.

663 1924 90 49 «
699 1924 145 49 Noir
790 1924 199 49 fantôme
934 1924 199 49 debout,
1079 1924 145 49 sous
1169 1924 109 49 le
1224 1924 199 49 manteau
1368 1924 109 49 de
1404 1924 145 49 laine,

666 1976 87 44 «
700 1976 104 44 Le
752 1976 173 44 berger
874 1976 156 44 songe
977 1976 104 44 et
1029 1976 139 44 boit
1116 1976 104 44 le
1168 1976 156 44 froid
1272 1976 121 44 des
1341 1976 139 44 airs
1410 1976 139 44 pâlis.

966 2015 74 56 «
996 2015 134 56 Jules
1085 2015 164 56 BRETON,
1204 2015 104 56 les
1264 2015 149 56 Champs
1368 2015 89 56 et
1412 2015 89 56 la
1457 2015 223 56 Mer
1620 2015 45 56 »

586 2118 330 58 DELAHOGUE
840 2118 330 58 (Alexis),
1094 2118 152 58 né
1170 2118 127 58 à
1220 2118 330 58 Soissons.
1474 2118 127 58 —
1525 2118 178 58 Rue
1601 2118 102 58 du

631 2160 558 74 Faubourg-Poissonnière,
1124 2160 129 74 9,
1167 2160 172 74 Paris.

468 2225 242 78 167
654 2225 223 78 Portrait
822 2225 112 78 de
877 2225 112 78 M.
933 2225 112 78 E.
970 2225 112 78 G...

472 2285 269 96 168
687 2285 162 96 Bords
795 2285 108 96 de
849 2285 108 96 la
903 2285 162 96 Seine
1011 2285 90 96 à
1028 2285 162 96 Poissy.

588 2398 331 61 DELAHOGUE
842 2398 331 61 (Eugène),
1097 2398 153 61 né
1174 2398 127 61 à
1225 2398 331 61 Soissons.
1480 2398 127 61 —
1531 2398 178 61 Rue
1607 2398 102 61 du

637 2443 559 67 Faubourg-Poissonnière,
1131 2443 150 67 29,
1195 2443 172 67 Paris.

475 2501 269 74 169
690 2501 162 74 Bords
798 2501 108 74 de
852 2501 108 74 la
906 2501 162 74 Marne
1014 2501 90 74 à
1032 2501 180 74 Créteil.
