1998 3149
699 402 279 67 PEINTURE.

1361 404 104 54 31

357 522 308 62 DELASALLE
594 522 213 62 (Mlle
736 522 284 62 Angèle),
950 522 166 62 née
1044 522 118 62 à
1092 522 237 62 Paris,
1258 522 213 62 élève
1376 522 95 62 de

402 571 156 49 MM.
491 571 290 49 Boulanger
714 571 134 49 et
781 571 134 49 J.
848 571 290 49 Lefebvre.
1071 571 111 49 —
1115 571 156 49 Rue
1204 571 134 49 de
1249 571 223 49 l’Homme-

398 612 197 57 Armé,
530 612 132 57 4,
574 612 175 57 Paris.

239 659 286 75 170
468 659 229 75 Portrait
639 659 114 75 de
697 659 133 75 Mme
773 659 114 75 la
830 659 210 75 baronne
964 659 114 75 Dü*.

241 736 260 83 171
449 736 174 83 Nature
553 736 139 83 morte.

363 825 274 72 DELATTRE
568 825 296 72 (Joseph),
796 825 137 72 né
865 825 114 72 à
910 825 501 72 Déville-lès-Rouen,
1320 825 160 72 élève

404 872 141 51 de
474 872 164 51 MM.
568 872 234 51 Gérôme
731 872 141 51 et
802 872 234 51 Lebel;
966 872 187 51 méd.
1083 872 258 51 d’arg.,
1270 872 234 51 Rouen.
1411 872 70 51 —

404 902 382 63 Grande-Route,
718 902 180 63 163,
830 902 112 63 à
875 902 494 63 Déville-lès-Rouen,
1301 902 135 63 et
1346 902 135 63 chez

407 950 132 75 M.
473 950 242 75 Thomas,
649 950 286 75 boulevard
869 950 352 75 Malesherbes,
1156 950 154 75 43,
1222 950 176 75 Paris.

245 1012 269 74 172
460 1012 215 74 Portrait
621 1012 107 74 de
675 1012 125 74 mon
729 1012 125 74 père.

249 1079 222 76 173
408 1079 158 76 Jardins.

995 1105 200 78 (Voir
1145 1105 117 78 aux
1195 1105 250 78 Dessins)

371 1198 166 74 DEL
466 1198 213 74 SARTE
608 1198 190 74 (Mme
727 1198 521 74 Marie-Magdeleine),
1177 1198 166 74 née
1272 1198 118 74 à
1295 1198 190 74 Paris,

413 1258 201 50 élève
547 1258 134 50 de
614 1258 157 50 MM.
704 1258 179 50 Tony
816 1258 381 50 Robert-Fleury
1129 1258 134 50 et
1196 1258 134 50 J.
1241 1258 246 50 Lefebvre;

415 1291 126 87 M.
478 1291 147 87 H.,
562 1291 210 87 Paris,
709 1291 189 87 1886.
835 1291 105 87 —
877 1291 273 87 Boulevard
1087 1291 126 87 de
1150 1291 315 87 Courcelles,
1381 1291 105 87 88,

390 1351 173 66 Paris.

251 1394 283 73 174
477 1394 226 73 Grenades
647 1394 113 73 et
685 1394 301 73 chrysanthèmes.

999 1445 198 78 (Voir
1148 1445 116 78 aux
1198 1445 248 78 Dessins)

373 1538 218 70 DENET
518 1538 339 70 (Charles),
785 1538 145 70 né
858 1538 121 70 à
906 1538 242 70 Evreux
1076 1538 267 70 (Eure),
1270 1538 218 70 élève
1391 1538 97 70 de

416 1604 131 45 M.
482 1604 240 45 Bonnat;
656 1604 197 45 méd.,
787 1604 218 45 Dijon,
940 1604 284 45 Chaumont,
1159 1604 218 45 Nîmes,
1290 1604 197 45 Evreux,

417 1631 247 60 Londres.
603 1631 103 60 —
644 1631 144 60 Rue
726 1631 124 60 de
788 1631 268 60 Jouffroy,
994 1631 124 60 2,
1056 1631 206 60 Paris,
1200 1631 124 60 et
1262 1631 144 60 rue
1323 1631 165 60 Saint-

413 1680 218 82 Léger,
566 1680 153 82 38,
632 1680 197 82 Evreux.

256 1746 237 74 175
446 1746 79 74 A
477 1746 95 74 la
509 1746 158 74 cuisine.

255 1809 226 69 176
420 1809 181 69 Portraits.

374 1900 218 58 DERONS
527 1900 262 58 (Félix),
723 1900 131 58 né
789 1900 109 58 à
832 1900 327 58 Charleville
1094 1900 327 58 (Ardennes),
1334 1900 153 58 élève

415 1954 126 42 de
478 1954 231 42 l’Ecole
646 1954 147 42 des
730 1954 294 42 Beaux-Arts
961 1954 126 42 et
1025 1954 126 42 de
1088 1954 147 42 MM.
1172 1954 210 42 Hébert
1319 1954 126 42 et
1361 1954 126 42 Bou-

416 1984 236 63 langer.
587 1984 107 63 —
630 1984 193 63 Place
759 1984 473 63 Denfert-Rochereau,
1168 1984 150 63 24,
1232 1984 172 63 Paris.

257 2048 245 69 177
453 2048 131 69 Tête
535 2048 98 69 de
584 2048 147 69 jeune
665 2048 131 69 fille.

374 2138 509 64 DESCAMPS-SABOURET
810 2138 218 64 (Mlle
955 2138 460 64 Louisa-Cécile),
1343 2138 170 64 née
1415 2138 73 64 à

414 2197 238 46 Paris,
581 2197 214 46 élève
724 2197 143 46 de
795 2197 143 46 M.
867 2197 191 46 Tony
986 2197 429 46 Robert-Fleury;
1319 2197 167 46 méd.,

414 2230 228 56 Tours,
574 2230 320 56 Rochefort,
825 2230 297 56 Beauvais,
1053 2230 320 56 Cherbourg,
1282 2230 205 56 Rennes;

418 2269 201 60 dipl.
552 2269 246 60 d’hon.,
730 2269 313 60 Cherbourg;
976 2269 134 60 M.
1043 2269 156 60 H.,
1133 2269 223 60 Dijon,
1289 2269 201 60 blanc
1401 2269 89 60 et

420 2315 185 68 noir,
544 2315 206 68 Paris.
688 2315 103 68 —
729 2315 144 68 Rue
811 2315 123 68 de
873 2315 123 68 la
935 2315 350 68 Présentation,
1223 2315 123 68 11
1264 2315 226 68 (faubourg

418 2357 133 82 du
484 2357 266 82 Temple),
662 2357 177 82 Paris.

259 2407 225 76 178
424 2407 150 76 Dessert.

258 2481 255 79 179
462 2481 153 79 Avant
564 2481 119 79 les
615 2481 221 79 confitures.
