1955 3149
378 469 120 59 32

885 463 281 69 PEINTURE.

543 582 330 61 DESCHAMPS
796 582 304 61 (Louis),
1024 582 152 61 né
1100 582 127 61 à
1151 582 355 61 Montélimar
1405 582 253 61 (Drôme),

587 619 197 60 élève
718 619 131 60 de
784 619 131 60 M.
850 619 263 60 Cabanel;
1047 619 175 60 méd.
1156 619 131 60 3e
1222 619 175 60 cl.,
1332 619 219 60 Paris,
1485 619 197 60 1877.
1594 619 66 60 —

587 666 270 53 Boulevard
795 666 270 53 Berthier,
1003 666 145 53 31,
1065 666 166 53 Paris.

427 710 244 73 180
622 710 130 73 Tête
703 710 98 73 de
752 710 146 73 jeune
833 710 130 73 fille.

545 805 332 60 DESJARDINS
806 805 404 60 (Louis-Léon),
1139 805 142 60 né
1210 805 119 60 à
1257 805 261 60 Amiens,
1447 805 214 60 élève
1566 805 95 60 de

591 849 202 57 Horace
732 849 222 57 Vernet;
894 849 162 57 méd.
995 849 121 57 de
1055 849 162 57 br.,
1156 849 182 57 1862;
1277 849 162 57 méd.
1378 849 222 57 d’arg.,
1520 849 141 57 1864,

586 898 219 55 Rouen.
740 898 110 55 —
783 898 153 55 Rue
871 898 395 55 Bras-d’Argent,
1200 898 132 55 4,
1244 898 197 55 Guéret.

426 946 309 65 181
673 946 144 65 Les
756 946 185 65 bords
879 946 123 65 de
941 946 123 65 la
1003 946 247 65 Voueize,
1188 946 165 65 près
1291 946 226 65 Chambon
1435 946 226 65 (Creuse),

588 997 205 74 (effet
731 997 123 74 du
772 997 184 74 matin).

549 1085 295 56 DESPORTES
777 1085 386 56 (Francisque),
1095 1085 136 56 né
1163 1085 114 56 à
1208 1085 205 56 Lyon,
1345 1085 205 56 élève
1481 1085 136 56 de
1527 1085 136 56 Pils

590 1141 132 54 et
656 1141 132 54 de
722 1141 132 54 M.
787 1141 175 54 Tony
897 1141 395 54 Robert-Fleury;
1226 1141 132 54 M.
1291 1141 153 54 H.,
1379 1141 175 54 Arts
1467 1141 197 54 décora-

597 1180 177 63 tifs.
715 1180 98 63 —
755 1180 138 63 Rue
833 1180 118 63 de
892 1180 275 63 Villejust,
1109 1180 138 63 25,
1168 1180 157 63 Paris.

430 1228 248 73 182
629 1228 198 73 Portrait
777 1228 99 73 de
827 1228 99 73 ma
860 1228 132 73 fille.

546 1311 381 62 DESRIVIÈRES
851 1311 356 62 (Gabriel),
1130 1311 153 62 né
1206 1311 127 62 à
1257 1311 254 62 Paris,
1435 1311 229 62 élève
1562 1311 102 62 de

591 1363 160 64 MM.
682 1363 251 64 Gérôme,
865 1363 137 64 J.
934 1363 274 64 Lefebvre
1139 1363 137 64 et
1207 1363 320 64 Boulanger.
1459 1363 114 64 —
1481 1363 183 64 Boule-

594 1414 164 73 vard
696 1414 123 73 de
758 1414 226 73 Clichy,
922 1414 144 73 75,
983 1414 164 73 Paris.

433 1463 252 70 183
618 1463 185 70 Dormeuse.

436 1526 221 85 184
598 1526 133 85 Fleurs.

552 1619 248 67 DEULLY
726 1619 743 67 (Eugène-Auguste-François),
1394 1619 149 67 né
1468 1619 124 67 à
1493 1619 173 67 Lille

597 1671 245 50 (Nord),
775 1671 201 50 élève
909 1671 134 50 de
976 1671 156 50 MM.
1065 1671 223 50 Gérôme
1221 1671 134 50 et
1288 1671 134 50 A.
1355 1671 134 50 et
1422 1671 134 50 L.
1466 1671 201 50 Glaize;

598 1721 134 46 M.
665 1721 156 46 H.,
754 1721 223 46 Paris,
910 1721 201 46 1888;
1044 1721 178 46 méd.
1155 1721 134 46 2e
1222 1721 178 46 cl.,
1334 1721 201 46 Lyon.
1467 1721 111 46 —
1512 1721 156 46 Rue
1579 1721 89 46 de

606 1756 294 69 Vaugirard,
837 1756 168 69 103,
921 1756 168 69 Paris.

412 1804 651 81 185
933 1804 304 81 Une
1106 1804 347 81 Eve.

557 1903 260 71 DEZOBRY
747 1903 591 71 (Arthur-Louis-Henri),
1267 1903 142 71 né
1338 1903 118 71 à
1362 1903 307 71 Montmorency

605 1953 418 53 (Seine-et-Oise),
960 1953 188 53 élève
1086 1953 125 53 de
1149 1953 125 53 A.
1211 1953 167 53 Segé
1316 1953 125 53 et
1378 1953 125 53 de
1441 1953 146 53 MM.
1525 1953 125 53 J.
1567 1953 105 53 Le-

604 2002 209 46 febvre
750 2002 125 46 et
813 2002 125 46 G.
876 2002 293 46 Boulanger;
1106 2002 167 46 méd.
1210 2002 125 46 3e
1273 2002 167 46 cl.,
1377 2002 230 46 Evreux,
1524 2002 146 46 1886;

603 2036 198 53 méd.
727 2036 149 53 de
802 2036 198 53 br.,
925 2036 273 53 Amiens,
1124 2036 223 53 1887.
1272 2036 124 53 —
1322 2036 174 53 Rue
1421 2036 248 53 Bague,
1570 2036 99 53 2,

576 2087 357 55 Montmorency.

444 2132 270 89 186
660 2132 108 89 Le
714 2132 126 89 val
786 2132 108 89 de
822 2132 252 89 Port

445 2202 275 69 187
665 2202 110 69 Le
720 2202 183 69 chemin
848 2202 110 69 de
885 2202 238 69 Saint

567 2290 168 72 DIEN
672 2290 293 72 (Achille),
902 2290 126 72 né
965 2290 105 72 à
1007 2290 210 72 Paris;
1154 2290 168 72 méd.
1259 2290 147 72 1re
1343 2290 168 72 cl.,
1426 2290 252 72 Exposition

608 2340 128 54 de
672 2340 193 54 blanc
800 2340 128 54 et
864 2340 193 54 noir,
993 2340 214 54 Paris.
1143 2340 107 54 —
1186 2340 150 54 Rue
1271 2340 150 54 des
1357 2340 321 54 Beaux-Arts,
1592 2340 86 54 3,

586 2393 176 52 Paris.

446 2440 280 71 188
671 2440 112 71 Un
727 2440 150 71 coin
820 2440 112 71 de
876 2440 150 71 parc
970 2440 93 71 à
1007 2440 224 71 Linières
1156 2440 206 71 (Vendée).

1188 2502 201 84 (Voir
1339 2502 117 84 aux
1389 2502 251 84 Dessins)
