<alto xmlns:xsi="http://www.w3.org/2001/XMLSchema-instance" xmlns="http://www.loc.gov/standards/alto/ns-v2#" xmlns:page="http://schema.primaresearch.org/PAGE/gts/pagecontent/2013-07-15" xsi:schemaLocation="http://www.loc.gov/standards/alto/ns-v2# http://www.loc.gov/standards/alto/alto.xsd">
  <Description>
    <MeasurementUnit>mm10</MeasurementUnit>
    <sourceImageInformation>
         <fileName>47.jpg</fileName>
      </sourceImageInformation>
    <OCRProcessing ID="IdOcr">
      <ocrProcessingStep>
        <processingDateTime>2020-10-31T11:45:54.213+01:00</processingDateTime>
        <processingSoftware>
               <softwareCreator>CONTRIBUTORS</softwareCreator>
               <softwareName>pdfalto</softwareName>
               <softwareVersion>0.1</softwareVersion>
            </processingSoftware>
      </ocrProcessingStep>
    </OCRProcessing>
  </Description>
  <Styles>
   <TextStyle ID="FONT0" FONTFAMILY="unknown" FONTSIZE="unknown" FONTSTYLE=""/>
   <TextStyle ID="FONT1" FONTFAMILY="unknown" FONTSIZE="unknown" FONTSTYLE="bold"/>
   <TextStyle ID="FONT2" FONTFAMILY="unknown" FONTSIZE="unknown" FONTSTYLE="italics"/>
  </Styles>
  <Tags/>
  <Layout>
    <Page ID="Page1" PHYSICAL_IMG_NR="1" HEIGHT="3149" WIDTH="1998">
      <PrintSpace HEIGHT="2988" WIDTH="1764" VPOS="0" HPOS="0">
        <TextBlock ID="r_4_1" HEIGHT="30" WIDTH="216" VPOS="454" HPOS="720">
          <TextLine ID="tl_2" BASELINE="505" HEIGHT="63" WIDTH="229" VPOS="442" HPOS="713">
            <String HEIGHT="63" WIDTH="280" VPOS="442" HPOS="662" CONTENT="PEINTURE." ID="tl_2_1" STYLEREFS="FONT0"/>
          </TextLine>
        </TextBlock>
        <TextBlock ID="r_5_1" HEIGHT="34" WIDTH="39" VPOS="435" HPOS="1387">
          <TextLine ID="tl_3" BASELINE="476" HEIGHT="56" WIDTH="52" VPOS="420" HPOS="1380">
            <String HEIGHT="56" WIDTH="104" VPOS="420" HPOS="1328" CONTENT="41" ID="tl_3_1" STYLEREFS="FONT0"/>
          </TextLine>
        </TextBlock>
        <TextBlock ID="r_13_1" HEIGHT="187" WIDTH="1081" VPOS="546" HPOS="348">
          <TextLine ID="tl_6" BASELINE="606" HEIGHT="67" WIDTH="1090" VPOS="539" HPOS="342">
            <String HEIGHT="67" WIDTH="261" VPOS="539" HPOS="318" CONTENT="GUILLON" ID="tl_6_1" STYLEREFS="FONT0"/>
            <SP HEIGHT="67" WIDTH="24" VPOS="539" HPOS="579"/>
            <String HEIGHT="67" WIDTH="498" VPOS="539" HPOS="508" CONTENT="(Adolphe-Irénée)," ID="tl_6_2" STYLEREFS="FONT0"/>
            <SP HEIGHT="67" WIDTH="24" VPOS="539" HPOS="1005"/>
            <String HEIGHT="67" WIDTH="142" VPOS="539" HPOS="934" CONTENT="né" ID="tl_6_3" STYLEREFS="FONT0"/>
            <SP HEIGHT="67" WIDTH="24" VPOS="539" HPOS="1077"/>
            <String HEIGHT="67" WIDTH="118" VPOS="539" HPOS="1005" CONTENT="à" ID="tl_6_4" STYLEREFS="FONT0"/>
            <SP HEIGHT="67" WIDTH="24" VPOS="539" HPOS="1124"/>
            <String HEIGHT="67" WIDTH="237" VPOS="539" HPOS="1053" CONTENT="Paris," ID="tl_6_5" STYLEREFS="FONT0"/>
            <SP HEIGHT="67" WIDTH="24" VPOS="539" HPOS="1290"/>
            <String HEIGHT="67" WIDTH="213" VPOS="539" HPOS="1219" CONTENT="élève" ID="tl_6_6" STYLEREFS="FONT0"/>
            <SP HEIGHT="67" WIDTH="24" VPOS="539" HPOS="1432"/>
            <String HEIGHT="67" WIDTH="95" VPOS="539" HPOS="1337" CONTENT="de" ID="tl_6_7" STYLEREFS="FONT0"/>
          </TextLine>
          <TextLine ID="tl_7" BASELINE="644" HEIGHT="54" WIDTH="1046" VPOS="590" HPOS="381">
            <String HEIGHT="54" WIDTH="196" VPOS="590" HPOS="359" CONTENT="Jules" ID="tl_7_1" STYLEREFS="FONT0"/>
            <SP HEIGHT="54" WIDTH="22" VPOS="590" HPOS="555"/>
            <String HEIGHT="54" WIDTH="174" VPOS="590" HPOS="490" CONTENT="Noël" ID="tl_7_2" STYLEREFS="FONT0"/>
            <SP HEIGHT="54" WIDTH="22" VPOS="590" HPOS="664"/>
            <String HEIGHT="54" WIDTH="131" VPOS="590" HPOS="599" CONTENT="et" ID="tl_7_3" STYLEREFS="FONT0"/>
            <SP HEIGHT="54" WIDTH="22" VPOS="590" HPOS="730"/>
            <String HEIGHT="54" WIDTH="131" VPOS="590" HPOS="664" CONTENT="de" ID="tl_7_4" STYLEREFS="FONT0"/>
            <SP HEIGHT="54" WIDTH="22" VPOS="590" HPOS="795"/>
            <String HEIGHT="54" WIDTH="240" VPOS="590" HPOS="730" CONTENT="Gleyre;" ID="tl_7_5" STYLEREFS="FONT0"/>
            <SP HEIGHT="54" WIDTH="22" VPOS="590" HPOS="969"/>
            <String HEIGHT="54" WIDTH="196" VPOS="590" HPOS="904" CONTENT="méd.," ID="tl_7_6" STYLEREFS="FONT0"/>
            <SP HEIGHT="54" WIDTH="22" VPOS="590" HPOS="1100"/>
            <String HEIGHT="54" WIDTH="218" VPOS="590" HPOS="1035" CONTENT="Paris," ID="tl_7_7" STYLEREFS="FONT0"/>
            <SP HEIGHT="54" WIDTH="22" VPOS="590" HPOS="1253"/>
            <String HEIGHT="54" WIDTH="196" VPOS="590" HPOS="1187" CONTENT="1867;" ID="tl_7_8" STYLEREFS="FONT0"/>
            <SP HEIGHT="54" WIDTH="22" VPOS="590" HPOS="1383"/>
            <String HEIGHT="54" WIDTH="131" VPOS="590" HPOS="1296" CONTENT="méd." ID="tl_7_9" STYLEREFS="FONT0"/>
          </TextLine>
          <TextLine ID="tl_8" BASELINE="687" HEIGHT="63" WIDTH="1052" VPOS="624" HPOS="383">
            <String HEIGHT="63" WIDTH="121" VPOS="624" HPOS="363" CONTENT="2e" ID="tl_8_1" STYLEREFS="FONT0"/>
            <SP HEIGHT="63" WIDTH="20" VPOS="624" HPOS="484"/>
            <String HEIGHT="63" WIDTH="162" VPOS="624" HPOS="423" CONTENT="cl.," ID="tl_8_2" STYLEREFS="FONT0"/>
            <SP HEIGHT="63" WIDTH="20" VPOS="624" HPOS="585"/>
            <String HEIGHT="63" WIDTH="182" VPOS="624" HPOS="525" CONTENT="1880;" ID="tl_8_3" STYLEREFS="FONT0"/>
            <SP HEIGHT="63" WIDTH="20" VPOS="624" HPOS="707"/>
            <String HEIGHT="63" WIDTH="182" VPOS="624" HPOS="646" CONTENT="H." ID="tl_8_4" STYLEREFS="FONT1"/>
            <SP HEIGHT="63" WIDTH="20" VPOS="624" HPOS="828"/>
            <String HEIGHT="63" WIDTH="202" VPOS="624" HPOS="767" CONTENT="C." ID="tl_8_5" STYLEREFS="FONT1"/>
            <SP HEIGHT="63" WIDTH="20" VPOS="624" HPOS="970"/>
            <String HEIGHT="63" WIDTH="101" VPOS="624" HPOS="909" CONTENT="—" ID="tl_8_6" STYLEREFS="FONT0"/>
            <SP HEIGHT="63" WIDTH="20" VPOS="624" HPOS="1010"/>
            <String HEIGHT="63" WIDTH="223" VPOS="624" HPOS="949" CONTENT="Vézelay" ID="tl_8_7" STYLEREFS="FONT0"/>
            <SP HEIGHT="63" WIDTH="20" VPOS="624" HPOS="1172"/>
            <String HEIGHT="63" WIDTH="243" VPOS="624" HPOS="1111" CONTENT="(Yonne)," ID="tl_8_8" STYLEREFS="FONT0"/>
            <SP HEIGHT="63" WIDTH="20" VPOS="624" HPOS="1354"/>
            <String HEIGHT="63" WIDTH="121" VPOS="624" HPOS="1293" CONTENT="et" ID="tl_8_9" STYLEREFS="FONT0"/>
            <SP HEIGHT="63" WIDTH="20" VPOS="624" HPOS="1415"/>
            <String HEIGHT="63" WIDTH="101" VPOS="624" HPOS="1334" CONTENT="rue" ID="tl_8_10" STYLEREFS="FONT0"/>
          </TextLine>
          <TextLine ID="tl_9" BASELINE="738" HEIGHT="63" WIDTH="382" VPOS="675" HPOS="386">
            <String HEIGHT="63" WIDTH="255" VPOS="675" HPOS="365" CONTENT="Duperré," ID="tl_9_1" STYLEREFS="FONT0"/>
            <SP HEIGHT="63" WIDTH="21" VPOS="675" HPOS="619"/>
            <String HEIGHT="63" WIDTH="127" VPOS="675" HPOS="556" CONTENT="9," ID="tl_9_2" STYLEREFS="FONT0"/>
            <SP HEIGHT="63" WIDTH="21" VPOS="675" HPOS="683"/>
            <String HEIGHT="63" WIDTH="170" VPOS="675" HPOS="598" CONTENT="Paris." ID="tl_9_3" STYLEREFS="FONT0"/>
          </TextLine>
        </TextBlock>
        <TextBlock ID="r_13_2" HEIGHT="53" WIDTH="727" VPOS="738" HPOS="226">
          <TextLine ID="tl_10" BASELINE="798" HEIGHT="72" WIDTH="740" VPOS="726" HPOS="219">
            <String HEIGHT="72" WIDTH="278" VPOS="726" HPOS="201" CONTENT="280" ID="tl_10_1" STYLEREFS="FONT1"/>
            <SP HEIGHT="72" WIDTH="19" VPOS="726" HPOS="478"/>
            <String HEIGHT="72" WIDTH="111" VPOS="726" HPOS="423" CONTENT="La" ID="tl_10_2" STYLEREFS="FONT0"/>
            <SP HEIGHT="72" WIDTH="19" VPOS="726" HPOS="534"/>
            <String HEIGHT="72" WIDTH="167" VPOS="726" HPOS="478" CONTENT="Ville" ID="tl_10_3" STYLEREFS="FONT0"/>
            <SP HEIGHT="72" WIDTH="19" VPOS="726" HPOS="645"/>
            <String HEIGHT="72" WIDTH="111" VPOS="726" HPOS="589" CONTENT="de" ID="tl_10_4" STYLEREFS="FONT0"/>
            <SP HEIGHT="72" WIDTH="19" VPOS="726" HPOS="700"/>
            <String HEIGHT="72" WIDTH="204" VPOS="726" HPOS="645" CONTENT="Vézelay" ID="tl_10_5" STYLEREFS="FONT0"/>
            <SP HEIGHT="72" WIDTH="19" VPOS="726" HPOS="848"/>
            <String HEIGHT="72" WIDTH="185" VPOS="726" HPOS="774" CONTENT="(Yonne)." ID="tl_10_6" STYLEREFS="FONT0"/>
          </TextLine>
        </TextBlock>
        <TextBlock ID="r_13_3" HEIGHT="141" WIDTH="1082" VPOS="822" HPOS="351">
          <TextLine ID="tl_11" BASELINE="877" HEIGHT="63" WIDTH="1091" VPOS="814" HPOS="345">
            <String HEIGHT="63" WIDTH="261" VPOS="814" HPOS="321" CONTENT="GUILLOU" ID="tl_11_1" STYLEREFS="FONT0"/>
            <SP HEIGHT="63" WIDTH="24" VPOS="814" HPOS="582"/>
            <String HEIGHT="63" WIDTH="308" VPOS="814" HPOS="511" CONTENT="(Alfred)," ID="tl_11_2" STYLEREFS="FONT0"/>
            <SP HEIGHT="63" WIDTH="24" VPOS="814" HPOS="819"/>
            <String HEIGHT="63" WIDTH="142" VPOS="814" HPOS="748" CONTENT="né" ID="tl_11_3" STYLEREFS="FONT0"/>
            <SP HEIGHT="63" WIDTH="24" VPOS="814" HPOS="890"/>
            <String HEIGHT="63" WIDTH="119" VPOS="814" HPOS="819" CONTENT="à" ID="tl_11_4" STYLEREFS="FONT0"/>
            <SP HEIGHT="63" WIDTH="24" VPOS="814" HPOS="938"/>
            <String HEIGHT="63" WIDTH="332" VPOS="814" HPOS="867" CONTENT="Concarneau" ID="tl_11_5" STYLEREFS="FONT0"/>
            <SP HEIGHT="63" WIDTH="24" VPOS="814" HPOS="1199"/>
            <String HEIGHT="63" WIDTH="332" VPOS="814" HPOS="1104" CONTENT="(Finistère)," ID="tl_11_6" STYLEREFS="FONT0"/>
          </TextLine>
          <TextLine ID="tl_12" BASELINE="918" HEIGHT="59" WIDTH="1051" VPOS="859" HPOS="389">
            <String HEIGHT="59" WIDTH="189" VPOS="859" HPOS="368" CONTENT="élève" ID="tl_12_1" STYLEREFS="FONT0"/>
            <SP HEIGHT="59" WIDTH="21" VPOS="859" HPOS="557"/>
            <String HEIGHT="59" WIDTH="126" VPOS="859" HPOS="494" CONTENT="de" ID="tl_12_2" STYLEREFS="FONT0"/>
            <SP HEIGHT="59" WIDTH="21" VPOS="859" HPOS="620"/>
            <String HEIGHT="59" WIDTH="147" VPOS="859" HPOS="557" CONTENT="MM." ID="tl_12_3" STYLEREFS="FONT0"/>
            <SP HEIGHT="59" WIDTH="21" VPOS="859" HPOS="704"/>
            <String HEIGHT="59" WIDTH="231" VPOS="859" HPOS="641" CONTENT="Cabanel" ID="tl_12_4" STYLEREFS="FONT0"/>
            <SP HEIGHT="59" WIDTH="21" VPOS="859" HPOS="872"/>
            <String HEIGHT="59" WIDTH="126" VPOS="859" HPOS="809" CONTENT="et" ID="tl_12_5" STYLEREFS="FONT0"/>
            <SP HEIGHT="59" WIDTH="21" VPOS="859" HPOS="936"/>
            <String HEIGHT="59" WIDTH="315" VPOS="859" HPOS="872" CONTENT="Bouguereau;" ID="tl_12_6" STYLEREFS="FONT0"/>
            <SP HEIGHT="59" WIDTH="21" VPOS="859" HPOS="1188"/>
            <String HEIGHT="59" WIDTH="189" VPOS="859" HPOS="1125" CONTENT="H." ID="tl_12_7" STYLEREFS="FONT1"/>
            <SP HEIGHT="59" WIDTH="21" VPOS="859" HPOS="1314"/>
            <String HEIGHT="59" WIDTH="210" VPOS="859" HPOS="1251" CONTENT="C." ID="tl_12_8" STYLEREFS="FONT1"/>
            <SP HEIGHT="59" WIDTH="21" VPOS="859" HPOS="1461"/>
            <String HEIGHT="59" WIDTH="63" VPOS="859" HPOS="1377" CONTENT="—" ID="tl_12_9" STYLEREFS="FONT0"/>
          </TextLine>
          <TextLine ID="tl_13" BASELINE="982" HEIGHT="77" WIDTH="718" VPOS="905" HPOS="386">
            <String HEIGHT="77" WIDTH="152" VPOS="905" HPOS="364" CONTENT="Rue" ID="tl_13_1" STYLEREFS="FONT0"/>
            <SP HEIGHT="77" WIDTH="22" VPOS="905" HPOS="517"/>
            <String HEIGHT="77" WIDTH="479" VPOS="905" HPOS="451" CONTENT="Denfert-Rochereau," ID="tl_13_2" STYLEREFS="FONT0"/>
            <SP HEIGHT="77" WIDTH="22" VPOS="905" HPOS="930"/>
            <String HEIGHT="77" WIDTH="152" VPOS="905" HPOS="865" CONTENT="18," ID="tl_13_3" STYLEREFS="FONT0"/>
            <SP HEIGHT="77" WIDTH="22" VPOS="905" HPOS="1017"/>
            <String HEIGHT="77" WIDTH="174" VPOS="905" HPOS="930" CONTENT="Paris." ID="tl_13_4" STYLEREFS="FONT0"/>
          </TextLine>
        </TextBlock>
        <TextBlock ID="r_13_4" HEIGHT="53" WIDTH="585" VPOS="975" HPOS="228">
          <TextLine ID="tl_14" BASELINE="1039" HEIGHT="76" WIDTH="597" VPOS="963" HPOS="222">
            <String HEIGHT="76" WIDTH="271" VPOS="963" HPOS="204" CONTENT="281" ID="tl_14_1" STYLEREFS="FONT1"/>
            <SP HEIGHT="76" WIDTH="18" VPOS="963" HPOS="475"/>
            <String HEIGHT="76" WIDTH="181" VPOS="963" HPOS="421" CONTENT="Départ" ID="tl_14_2" STYLEREFS="FONT0"/>
            <SP HEIGHT="76" WIDTH="18" VPOS="963" HPOS="602"/>
            <String HEIGHT="76" WIDTH="145" VPOS="963" HPOS="548" CONTENT="pour" ID="tl_14_3" STYLEREFS="FONT0"/>
            <SP HEIGHT="76" WIDTH="18" VPOS="963" HPOS="692"/>
            <String HEIGHT="76" WIDTH="109" VPOS="963" HPOS="638" CONTENT="la" ID="tl_14_4" STYLEREFS="FONT0"/>
            <SP HEIGHT="76" WIDTH="18" VPOS="963" HPOS="747"/>
            <String HEIGHT="76" WIDTH="145" VPOS="963" HPOS="674" CONTENT="pêche." ID="tl_14_5" STYLEREFS="FONT0"/>
          </TextLine>
        </TextBlock>
        <TextBlock ID="r_13_5" HEIGHT="44" WIDTH="616" VPOS="1036" HPOS="228">
          <TextLine ID="tl_15" BASELINE="1106" HEIGHT="80" WIDTH="628" VPOS="1026" HPOS="222">
            <String HEIGHT="80" WIDTH="269" VPOS="1026" HPOS="204" CONTENT="282" ID="tl_15_1" STYLEREFS="FONT1"/>
            <SP HEIGHT="80" WIDTH="18" VPOS="1026" HPOS="473"/>
            <String HEIGHT="80" WIDTH="233" VPOS="1026" HPOS="419" CONTENT="Pêcheuses" ID="tl_15_2" STYLEREFS="FONT0"/>
            <SP HEIGHT="80" WIDTH="18" VPOS="1026" HPOS="653"/>
            <String HEIGHT="80" WIDTH="108" VPOS="1026" HPOS="599" CONTENT="de" ID="tl_15_3" STYLEREFS="FONT0"/>
            <SP HEIGHT="80" WIDTH="18" VPOS="1026" HPOS="706"/>
            <String HEIGHT="80" WIDTH="215" VPOS="1026" HPOS="635" CONTENT="crevettes." ID="tl_15_4" STYLEREFS="FONT0"/>
          </TextLine>
        </TextBlock>
        <TextBlock ID="r_13_6" HEIGHT="146" WIDTH="1084" VPOS="1115" HPOS="355">
          <TextLine ID="tl_16" BASELINE="1177" HEIGHT="60" WIDTH="1091" VPOS="1117" HPOS="348">
            <String HEIGHT="60" WIDTH="262" VPOS="1117" HPOS="326" CONTENT="GUILMARD" ID="tl_16_1" STYLEREFS="FONT0"/>
            <SP HEIGHT="60" WIDTH="22" VPOS="1117" HPOS="588"/>
            <String HEIGHT="60" WIDTH="262" VPOS="1117" HPOS="523" CONTENT="(Henry)," ID="tl_16_2" STYLEREFS="FONT0"/>
            <SP HEIGHT="60" WIDTH="22" VPOS="1117" HPOS="784"/>
            <String HEIGHT="60" WIDTH="131" VPOS="1117" HPOS="719" CONTENT="né" ID="tl_16_3" STYLEREFS="FONT0"/>
            <SP HEIGHT="60" WIDTH="22" VPOS="1117" HPOS="850"/>
            <String HEIGHT="60" WIDTH="109" VPOS="1117" HPOS="784" CONTENT="à" ID="tl_16_4" STYLEREFS="FONT0"/>
            <SP HEIGHT="60" WIDTH="22" VPOS="1117" HPOS="894"/>
            <String HEIGHT="60" WIDTH="327" VPOS="1117" HPOS="828" CONTENT="Versailles," ID="tl_16_5" STYLEREFS="FONT0"/>
            <SP HEIGHT="60" WIDTH="22" VPOS="1117" HPOS="1155"/>
            <String HEIGHT="60" WIDTH="196" VPOS="1117" HPOS="1090" CONTENT="élève" ID="tl_16_6" STYLEREFS="FONT0"/>
            <SP HEIGHT="60" WIDTH="22" VPOS="1117" HPOS="1286"/>
            <String HEIGHT="60" WIDTH="240" VPOS="1117" HPOS="1199" CONTENT="d’Isabey;" ID="tl_16_7" STYLEREFS="FONT0"/>
          </TextLine>
          <TextLine ID="tl_17" BASELINE="1215" HEIGHT="66" WIDTH="1052" VPOS="1149" HPOS="393">
            <String HEIGHT="66" WIDTH="172" VPOS="1149" HPOS="372" CONTENT="méd." ID="tl_17_1" STYLEREFS="FONT0"/>
            <SP HEIGHT="66" WIDTH="21" VPOS="1149" HPOS="543"/>
            <String HEIGHT="66" WIDTH="193" VPOS="1149" HPOS="479" CONTENT="d’or," ID="tl_17_2" STYLEREFS="FONT0"/>
            <SP HEIGHT="66" WIDTH="21" VPOS="1149" HPOS="672"/>
            <String HEIGHT="66" WIDTH="236" VPOS="1149" HPOS="608" CONTENT="Dieppe;" ID="tl_17_3" STYLEREFS="FONT0"/>
            <SP HEIGHT="66" WIDTH="21" VPOS="1149" HPOS="844"/>
            <String HEIGHT="66" WIDTH="150" VPOS="1149" HPOS="779" CONTENT="1re" ID="tl_17_4" STYLEREFS="FONT0"/>
            <SP HEIGHT="66" WIDTH="21" VPOS="1149" HPOS="930"/>
            <String HEIGHT="66" WIDTH="193" VPOS="1149" HPOS="865" CONTENT="méd.," ID="tl_17_5" STYLEREFS="FONT0"/>
            <SP HEIGHT="66" WIDTH="21" VPOS="1149" HPOS="1059"/>
            <String HEIGHT="66" WIDTH="193" VPOS="1149" HPOS="994" CONTENT="Nice," ID="tl_17_6" STYLEREFS="FONT0"/>
            <SP HEIGHT="66" WIDTH="21" VPOS="1149" HPOS="1187"/>
            <String HEIGHT="66" WIDTH="172" VPOS="1149" HPOS="1123" CONTENT="etc." ID="tl_17_7" STYLEREFS="FONT0"/>
            <SP HEIGHT="66" WIDTH="21" VPOS="1149" HPOS="1295"/>
            <String HEIGHT="66" WIDTH="107" VPOS="1149" HPOS="1230" CONTENT="—" ID="tl_17_8" STYLEREFS="FONT0"/>
            <SP HEIGHT="66" WIDTH="21" VPOS="1149" HPOS="1338"/>
            <String HEIGHT="66" WIDTH="193" VPOS="1149" HPOS="1252" CONTENT="Hautot" SUBS_TYPE="HypPart1" SUBS_CONTENT="Hautotsur-Mer," ID="tl_17_9" STYLEREFS="FONT0"/>
            <HYP CONTENT="-"/>
          </TextLine>
          <TextLine ID="tl_18" BASELINE="1273" HEIGHT="69" WIDTH="888" VPOS="1204" HPOS="391">
            <String HEIGHT="69" WIDTH="242" VPOS="1204" HPOS="371" CONTENT="sur-Mer," SUBS_TYPE="HypPart2" SUBS_CONTENT="Hautotsur-Mer," ID="tl_18_1" STYLEREFS="FONT0"/>
            <SP HEIGHT="69" WIDTH="20" VPOS="1204" HPOS="613"/>
            <String HEIGHT="69" WIDTH="141" VPOS="1204" HPOS="552" CONTENT="par" ID="tl_18_2" STYLEREFS="FONT0"/>
            <SP HEIGHT="69" WIDTH="20" VPOS="1204" HPOS="694"/>
            <String HEIGHT="69" WIDTH="303" VPOS="1204" HPOS="633" CONTENT="Offranville" ID="tl_18_3" STYLEREFS="FONT0"/>
            <SP HEIGHT="69" WIDTH="20" VPOS="1204" HPOS="936"/>
            <String HEIGHT="69" WIDTH="424" VPOS="1204" HPOS="855" CONTENT="(Seine" ID="tl_18_4" STYLEREFS="FONT0"/>
          </TextLine>
        </TextBlock>
        <TextBlock ID="r_13_7" HEIGHT="46" WIDTH="624" VPOS="1270" HPOS="234">
          <TextLine ID="tl_19" BASELINE="1342" HEIGHT="77" WIDTH="638" VPOS="1265" HPOS="227">
            <String HEIGHT="77" WIDTH="290" VPOS="1265" HPOS="208" CONTENT="283" ID="tl_19_1" STYLEREFS="FONT1"/>
            <SP HEIGHT="77" WIDTH="19" VPOS="1265" HPOS="498"/>
            <String HEIGHT="77" WIDTH="271" VPOS="1265" HPOS="440" CONTENT="Chaumières" ID="tl_19_2" STYLEREFS="FONT0"/>
            <SP HEIGHT="77" WIDTH="19" VPOS="1265" HPOS="710"/>
            <String HEIGHT="77" WIDTH="232" VPOS="1265" HPOS="633" CONTENT="normandes." ID="tl_19_3" STYLEREFS="FONT0"/>
          </TextLine>
        </TextBlock>
        <TextBlock ID="r_13_8" HEIGHT="102" WIDTH="1081" VPOS="1347" HPOS="359">
          <TextLine ID="tl_20" BASELINE="1406" HEIGHT="75" WIDTH="1094" VPOS="1331" HPOS="352">
            <String HEIGHT="75" WIDTH="175" VPOS="1331" HPOS="330" CONTENT="HAAG" ID="tl_20_1" STYLEREFS="FONT0"/>
            <SP HEIGHT="75" WIDTH="22" VPOS="1331" HPOS="505"/>
            <String HEIGHT="75" WIDTH="241" VPOS="1331" HPOS="440" CONTENT="(Jean)," ID="tl_20_2" STYLEREFS="FONT0"/>
            <SP HEIGHT="75" WIDTH="22" VPOS="1331" HPOS="680"/>
            <String HEIGHT="75" WIDTH="131" VPOS="1331" HPOS="615" CONTENT="né" ID="tl_20_3" STYLEREFS="FONT0"/>
            <SP HEIGHT="75" WIDTH="22" VPOS="1331" HPOS="746"/>
            <String HEIGHT="75" WIDTH="109" VPOS="1331" HPOS="680" CONTENT="à" ID="tl_20_4" STYLEREFS="FONT0"/>
            <SP HEIGHT="75" WIDTH="22" VPOS="1331" HPOS="790"/>
            <String HEIGHT="75" WIDTH="241" VPOS="1331" HPOS="724" CONTENT="Elbeuf," ID="tl_20_5" STYLEREFS="FONT0"/>
            <SP HEIGHT="75" WIDTH="22" VPOS="1331" HPOS="965"/>
            <String HEIGHT="75" WIDTH="197" VPOS="1331" HPOS="899" CONTENT="élève" ID="tl_20_6" STYLEREFS="FONT0"/>
            <SP HEIGHT="75" WIDTH="22" VPOS="1331" HPOS="1096"/>
            <String HEIGHT="75" WIDTH="131" VPOS="1331" HPOS="1030" CONTENT="de" ID="tl_20_7" STYLEREFS="FONT0"/>
            <SP HEIGHT="75" WIDTH="22" VPOS="1331" HPOS="1162"/>
            <String HEIGHT="75" WIDTH="131" VPOS="1331" HPOS="1096" CONTENT="M." ID="tl_20_8" STYLEREFS="FONT0"/>
            <SP HEIGHT="75" WIDTH="22" VPOS="1331" HPOS="1227"/>
            <String HEIGHT="75" WIDTH="131" VPOS="1331" HPOS="1162" CONTENT="E." ID="tl_20_9" STYLEREFS="FONT0"/>
            <SP HEIGHT="75" WIDTH="22" VPOS="1331" HPOS="1293"/>
            <String HEIGHT="75" WIDTH="241" VPOS="1331" HPOS="1227" CONTENT="Frère.—" ID="tl_20_10" STYLEREFS="FONT0"/>
            <SP HEIGHT="75" WIDTH="22" VPOS="1331" HPOS="1468"/>
            <String HEIGHT="75" WIDTH="66" VPOS="1331" HPOS="1380" CONTENT="A" ID="tl_20_11" STYLEREFS="FONT0"/>
          </TextLine>
          <TextLine ID="tl_21" BASELINE="1464" HEIGHT="75" WIDTH="500" VPOS="1389" HPOS="394">
            <String HEIGHT="75" WIDTH="217" VPOS="1389" HPOS="372" CONTENT="Ecouen" ID="tl_21_1" STYLEREFS="FONT0"/>
            <SP HEIGHT="75" WIDTH="22" VPOS="1389" HPOS="590"/>
            <String HEIGHT="75" WIDTH="391" VPOS="1389" HPOS="503" CONTENT="(Seine" ID="tl_21_2" STYLEREFS="FONT0"/>
          </TextLine>
        </TextBlock>
        <TextBlock ID="r_13_9" HEIGHT="49" WIDTH="471" VPOS="1462" HPOS="237">
          <TextLine ID="tl_22" BASELINE="1518" HEIGHT="70" WIDTH="484" VPOS="1448" HPOS="230">
            <String HEIGHT="70" WIDTH="250" VPOS="1448" HPOS="213" CONTENT="284" ID="tl_22_1" STYLEREFS="FONT1"/>
            <SP HEIGHT="70" WIDTH="17" VPOS="1448" HPOS="464"/>
            <String HEIGHT="70" WIDTH="100" VPOS="1448" HPOS="414" CONTENT="Le" ID="tl_22_2" STYLEREFS="FONT0"/>
            <SP HEIGHT="70" WIDTH="17" VPOS="1448" HPOS="514"/>
            <String HEIGHT="70" WIDTH="150" VPOS="1448" HPOS="464" CONTENT="petit" ID="tl_22_3" STYLEREFS="FONT0"/>
            <SP HEIGHT="70" WIDTH="17" VPOS="1448" HPOS="614"/>
            <String HEIGHT="70" WIDTH="167" VPOS="1448" HPOS="547" CONTENT="théâtre." ID="tl_22_4" STYLEREFS="FONT0"/>
          </TextLine>
        </TextBlock>
        <TextBlock ID="r_13_10" HEIGHT="45" WIDTH="583" VPOS="1517" HPOS="238">
          <TextLine ID="tl_23" BASELINE="1567" HEIGHT="60" WIDTH="597" VPOS="1507" HPOS="231">
            <String HEIGHT="60" WIDTH="263" VPOS="1507" HPOS="213" CONTENT="285" ID="tl_23_1" STYLEREFS="FONT1"/>
            <SP HEIGHT="60" WIDTH="18" VPOS="1507" HPOS="477"/>
            <String HEIGHT="60" WIDTH="211" VPOS="1507" HPOS="424" CONTENT="Portrait" ID="tl_23_2" STYLEREFS="FONT0"/>
            <SP HEIGHT="60" WIDTH="18" VPOS="1507" HPOS="635"/>
            <String HEIGHT="60" WIDTH="105" VPOS="1507" HPOS="582" CONTENT="de" ID="tl_23_3" STYLEREFS="FONT0"/>
            <SP HEIGHT="60" WIDTH="18" VPOS="1507" HPOS="688"/>
            <String HEIGHT="60" WIDTH="105" VPOS="1507" HPOS="635" CONTENT="M." ID="tl_23_4" STYLEREFS="FONT0"/>
            <SP HEIGHT="60" WIDTH="18" VPOS="1507" HPOS="740"/>
            <String HEIGHT="60" WIDTH="105" VPOS="1507" HPOS="688" CONTENT="L." ID="tl_23_5" STYLEREFS="FONT0"/>
            <SP HEIGHT="60" WIDTH="18" VPOS="1507" HPOS="793"/>
            <String HEIGHT="60" WIDTH="105" VPOS="1507" HPOS="723" CONTENT="G..." ID="tl_23_6" STYLEREFS="FONT0"/>
          </TextLine>
        </TextBlock>
        <TextBlock ID="r_13_11" HEIGHT="183" WIDTH="1085" VPOS="1594" HPOS="362">
          <TextLine ID="tl_24" BASELINE="1651" HEIGHT="58" WIDTH="1092" VPOS="1593" HPOS="356">
            <String HEIGHT="58" WIDTH="194" VPOS="1593" HPOS="332" CONTENT="HAIN" ID="tl_24_1" STYLEREFS="FONT0"/>
            <SP HEIGHT="58" WIDTH="24" VPOS="1593" HPOS="526"/>
            <String HEIGHT="58" WIDTH="218" VPOS="1593" HPOS="453" CONTENT="(Mlle" ID="tl_24_2" STYLEREFS="FONT0"/>
            <SP HEIGHT="58" WIDTH="24" VPOS="1593" HPOS="671"/>
            <String HEIGHT="58" WIDTH="388" VPOS="1593" HPOS="599" CONTENT="Marguerite)," ID="tl_24_3" STYLEREFS="FONT0"/>
            <SP HEIGHT="58" WIDTH="24" VPOS="1593" HPOS="987"/>
            <String HEIGHT="58" WIDTH="170" VPOS="1593" HPOS="914" CONTENT="née" ID="tl_24_4" STYLEREFS="FONT0"/>
            <SP HEIGHT="58" WIDTH="24" VPOS="1593" HPOS="1084"/>
            <String HEIGHT="58" WIDTH="121" VPOS="1593" HPOS="1011" CONTENT="à" ID="tl_24_5" STYLEREFS="FONT0"/>
            <SP HEIGHT="58" WIDTH="24" VPOS="1593" HPOS="1133"/>
            <String HEIGHT="58" WIDTH="243" VPOS="1593" HPOS="1060" CONTENT="Rouen," ID="tl_24_6" STYLEREFS="FONT0"/>
            <SP HEIGHT="58" WIDTH="24" VPOS="1593" HPOS="1302"/>
            <String HEIGHT="58" WIDTH="218" VPOS="1593" HPOS="1230" CONTENT="élève" ID="tl_24_7" STYLEREFS="FONT0"/>
            <SP HEIGHT="58" WIDTH="24" VPOS="1593" HPOS="1448"/>
            <String HEIGHT="58" WIDTH="97" VPOS="1593" HPOS="1351" CONTENT="de" ID="tl_24_8" STYLEREFS="FONT0"/>
          </TextLine>
          <TextLine ID="tl_25" BASELINE="1691" HEIGHT="67" WIDTH="1053" VPOS="1624" HPOS="399">
            <String HEIGHT="67" WIDTH="246" VPOS="1624" HPOS="377" CONTENT="l’Ecole" ID="tl_25_1" STYLEREFS="FONT0"/>
            <SP HEIGHT="67" WIDTH="22" VPOS="1624" HPOS="623"/>
            <String HEIGHT="67" WIDTH="157" VPOS="1624" HPOS="556" CONTENT="des" ID="tl_25_2" STYLEREFS="FONT0"/>
            <SP HEIGHT="67" WIDTH="22" VPOS="1624" HPOS="713"/>
            <String HEIGHT="67" WIDTH="314" VPOS="1624" HPOS="645" CONTENT="Beaux-Arts" ID="tl_25_3" STYLEREFS="FONT0"/>
            <SP HEIGHT="67" WIDTH="22" VPOS="1624" HPOS="959"/>
            <String HEIGHT="67" WIDTH="134" VPOS="1624" HPOS="892" CONTENT="de" ID="tl_25_4" STYLEREFS="FONT0"/>
            <SP HEIGHT="67" WIDTH="22" VPOS="1624" HPOS="1026"/>
            <String HEIGHT="67" WIDTH="202" VPOS="1624" HPOS="959" CONTENT="Rouen" ID="tl_25_5" STYLEREFS="FONT0"/>
            <SP HEIGHT="67" WIDTH="22" VPOS="1624" HPOS="1161"/>
            <String HEIGHT="67" WIDTH="134" VPOS="1624" HPOS="1094" CONTENT="et" ID="tl_25_6" STYLEREFS="FONT0"/>
            <SP HEIGHT="67" WIDTH="22" VPOS="1624" HPOS="1228"/>
            <String HEIGHT="67" WIDTH="134" VPOS="1624" HPOS="1161" CONTENT="de" ID="tl_25_7" STYLEREFS="FONT0"/>
            <SP HEIGHT="67" WIDTH="22" VPOS="1624" HPOS="1295"/>
            <String HEIGHT="67" WIDTH="134" VPOS="1624" HPOS="1228" CONTENT="M." ID="tl_25_8" STYLEREFS="FONT0"/>
            <SP HEIGHT="67" WIDTH="22" VPOS="1624" HPOS="1362"/>
            <String HEIGHT="67" WIDTH="134" VPOS="1624" HPOS="1295" CONTENT="E." ID="tl_25_9" STYLEREFS="FONT0"/>
            <SP HEIGHT="67" WIDTH="22" VPOS="1624" HPOS="1430"/>
            <String HEIGHT="67" WIDTH="112" VPOS="1624" HPOS="1340" CONTENT="Le" SUBS_TYPE="HypPart1" SUBS_CONTENT="Lefebvre;" ID="tl_25_10" STYLEREFS="FONT0"/>
            <HYP CONTENT="-"/>
          </TextLine>
          <TextLine ID="tl_26" BASELINE="1733" HEIGHT="63" WIDTH="1054" VPOS="1670" HPOS="398">
            <String HEIGHT="63" WIDTH="276" VPOS="1670" HPOS="373" CONTENT="febvre;" SUBS_TYPE="HypPart2" SUBS_CONTENT="Lefebvre;" ID="tl_26_1" STYLEREFS="FONT0"/>
            <SP HEIGHT="63" WIDTH="25" VPOS="1670" HPOS="649"/>
            <String HEIGHT="63" WIDTH="151" VPOS="1670" HPOS="574" CONTENT="M." ID="tl_26_2" STYLEREFS="FONT0"/>
            <SP HEIGHT="63" WIDTH="25" VPOS="1670" HPOS="724"/>
            <String HEIGHT="63" WIDTH="176" VPOS="1670" HPOS="649" CONTENT="H.," ID="tl_26_3" STYLEREFS="FONT0"/>
            <SP HEIGHT="63" WIDTH="25" VPOS="1670" HPOS="825"/>
            <String HEIGHT="63" WIDTH="301" VPOS="1670" HPOS="749" CONTENT="Langres," ID="tl_26_4" STYLEREFS="FONT0"/>
            <SP HEIGHT="63" WIDTH="25" VPOS="1670" HPOS="1050"/>
            <String HEIGHT="63" WIDTH="226" VPOS="1670" HPOS="975" CONTENT="1888." ID="tl_26_5" STYLEREFS="FONT0"/>
            <SP HEIGHT="63" WIDTH="25" VPOS="1670" HPOS="1201"/>
            <String HEIGHT="63" WIDTH="125" VPOS="1670" HPOS="1126" CONTENT="—" ID="tl_26_6" STYLEREFS="FONT0"/>
            <SP HEIGHT="63" WIDTH="25" VPOS="1670" HPOS="1251"/>
            <String HEIGHT="63" WIDTH="176" VPOS="1670" HPOS="1176" CONTENT="Rue" ID="tl_26_7" STYLEREFS="FONT0"/>
            <SP HEIGHT="63" WIDTH="25" VPOS="1670" HPOS="1352"/>
            <String HEIGHT="63" WIDTH="201" VPOS="1670" HPOS="1251" CONTENT="Neuve" SUBS_TYPE="HypPart1" SUBS_CONTENT="NeuveSaint-Patrice," ID="tl_26_8" STYLEREFS="FONT0"/>
            <HYP CONTENT="-"/>
          </TextLine>
          <TextLine ID="tl_27" BASELINE="1783" HEIGHT="57" WIDTH="502" VPOS="1726" HPOS="400">
            <String HEIGHT="57" WIDTH="377" VPOS="1726" HPOS="379" CONTENT="Saint-Patrice," SUBS_TYPE="HypPart2" SUBS_CONTENT="NeuveSaint-Patrice," ID="tl_27_1" STYLEREFS="FONT0"/>
            <SP HEIGHT="57" WIDTH="21" VPOS="1726" HPOS="756"/>
            <String HEIGHT="57" WIDTH="126" VPOS="1726" HPOS="693" CONTENT="9," ID="tl_27_2" STYLEREFS="FONT0"/>
            <SP HEIGHT="57" WIDTH="21" VPOS="1726" HPOS="818"/>
            <String HEIGHT="57" WIDTH="167" VPOS="1726" HPOS="735" CONTENT="Rouen." ID="tl_27_3" STYLEREFS="FONT0"/>
          </TextLine>
        </TextBlock>
        <TextBlock ID="r_13_12" HEIGHT="41" WIDTH="459" VPOS="1791" HPOS="241">
          <TextLine ID="tl_28" BASELINE="1853" HEIGHT="72" WIDTH="471" VPOS="1781" HPOS="234">
            <String HEIGHT="72" WIDTH="252" VPOS="1781" HPOS="217" CONTENT="286" ID="tl_28_1" STYLEREFS="FONT1"/>
            <SP HEIGHT="72" WIDTH="17" VPOS="1781" HPOS="470"/>
            <String HEIGHT="72" WIDTH="151" VPOS="1781" HPOS="419" CONTENT="Valse" ID="tl_28_2" STYLEREFS="FONT0"/>
            <SP HEIGHT="72" WIDTH="17" VPOS="1781" HPOS="570"/>
            <String HEIGHT="72" WIDTH="118" VPOS="1781" HPOS="520" CONTENT="des" ID="tl_28_3" STYLEREFS="FONT0"/>
            <SP HEIGHT="72" WIDTH="17" VPOS="1781" HPOS="638"/>
            <String HEIGHT="72" WIDTH="135" VPOS="1781" HPOS="570" CONTENT="roses." ID="tl_28_4" STYLEREFS="FONT0"/>
          </TextLine>
        </TextBlock>
        <TextBlock ID="r_13_13" HEIGHT="37" WIDTH="269" VPOS="1853" HPOS="242">
          <TextLine ID="tl_29" BASELINE="1906" HEIGHT="69" WIDTH="281" VPOS="1837" HPOS="236">
            <String HEIGHT="69" WIDTH="222" VPOS="1837" HPOS="221" CONTENT="287" ID="tl_29_1" STYLEREFS="FONT1"/>
            <SP HEIGHT="69" WIDTH="15" VPOS="1837" HPOS="443"/>
            <String HEIGHT="69" WIDTH="133" VPOS="1837" HPOS="384" CONTENT="Fruits." ID="tl_29_2" STYLEREFS="FONT0"/>
          </TextLine>
        </TextBlock>
        <TextBlock ID="r_13_14" HEIGHT="141" WIDTH="1080" VPOS="1916" HPOS="371">
          <TextLine ID="tl_30" BASELINE="1973" HEIGHT="75" WIDTH="1090" VPOS="1898" HPOS="364">
            <String HEIGHT="75" WIDTH="237" VPOS="1898" HPOS="340" CONTENT="HAMMAN" ID="tl_30_1" STYLEREFS="FONT0"/>
            <SP HEIGHT="75" WIDTH="24" VPOS="1898" HPOS="577"/>
            <String HEIGHT="75" WIDTH="735" VPOS="1898" HPOS="506" CONTENT="(Michel-Ferdinand-Edouard)," ID="tl_30_2" STYLEREFS="FONT0"/>
            <SP HEIGHT="75" WIDTH="24" VPOS="1898" HPOS="1241"/>
            <String HEIGHT="75" WIDTH="142" VPOS="1898" HPOS="1170" CONTENT="né" ID="tl_30_3" STYLEREFS="FONT0"/>
            <SP HEIGHT="75" WIDTH="24" VPOS="1898" HPOS="1312"/>
            <String HEIGHT="75" WIDTH="118" VPOS="1898" HPOS="1241" CONTENT="à" ID="tl_30_4" STYLEREFS="FONT0"/>
            <SP HEIGHT="75" WIDTH="24" VPOS="1898" HPOS="1359"/>
            <String HEIGHT="75" WIDTH="190" VPOS="1898" HPOS="1264" CONTENT="Paris," ID="tl_30_5" STYLEREFS="FONT0"/>
          </TextLine>
          <TextLine ID="tl_31" BASELINE="2013" HEIGHT="62" WIDTH="1049" VPOS="1951" HPOS="408">
            <String HEIGHT="62" WIDTH="215" VPOS="1951" HPOS="384" CONTENT="élève" ID="tl_31_1" STYLEREFS="FONT0"/>
            <SP HEIGHT="62" WIDTH="24" VPOS="1951" HPOS="599"/>
            <String HEIGHT="62" WIDTH="143" VPOS="1951" HPOS="527" CONTENT="de" ID="tl_31_2" STYLEREFS="FONT0"/>
            <SP HEIGHT="62" WIDTH="24" VPOS="1951" HPOS="670"/>
            <String HEIGHT="62" WIDTH="167" VPOS="1951" HPOS="599" CONTENT="son" ID="tl_31_3" STYLEREFS="FONT0"/>
            <SP HEIGHT="62" WIDTH="24" VPOS="1951" HPOS="766"/>
            <String HEIGHT="62" WIDTH="191" VPOS="1951" HPOS="694" CONTENT="père" ID="tl_31_4" STYLEREFS="FONT0"/>
            <SP HEIGHT="62" WIDTH="24" VPOS="1951" HPOS="885"/>
            <String HEIGHT="62" WIDTH="143" VPOS="1951" HPOS="813" CONTENT="et" ID="tl_31_5" STYLEREFS="FONT0"/>
            <SP HEIGHT="62" WIDTH="24" VPOS="1951" HPOS="956"/>
            <String HEIGHT="62" WIDTH="143" VPOS="1951" HPOS="885" CONTENT="de" ID="tl_31_6" STYLEREFS="FONT0"/>
            <SP HEIGHT="62" WIDTH="24" VPOS="1951" HPOS="1028"/>
            <String HEIGHT="62" WIDTH="143" VPOS="1951" HPOS="956" CONTENT="M." ID="tl_31_7" STYLEREFS="FONT0"/>
            <SP HEIGHT="62" WIDTH="24" VPOS="1951" HPOS="1099"/>
            <String HEIGHT="62" WIDTH="167" VPOS="1951" HPOS="1028" CONTENT="Van" ID="tl_31_8" STYLEREFS="FONT0"/>
            <SP HEIGHT="62" WIDTH="24" VPOS="1951" HPOS="1195"/>
            <String HEIGHT="62" WIDTH="262" VPOS="1951" HPOS="1123" CONTENT="Marcke." ID="tl_31_9" STYLEREFS="FONT0"/>
            <SP HEIGHT="62" WIDTH="24" VPOS="1951" HPOS="1385"/>
            <String HEIGHT="62" WIDTH="119" VPOS="1951" HPOS="1314" CONTENT="—" ID="tl_31_10" STYLEREFS="FONT0"/>
            <SP HEIGHT="62" WIDTH="24" VPOS="1951" HPOS="1433"/>
            <String HEIGHT="62" WIDTH="119" VPOS="1951" HPOS="1338" CONTENT="Rue" ID="tl_31_11" STYLEREFS="FONT0"/>
          </TextLine>
          <TextLine ID="tl_32" BASELINE="2068" HEIGHT="67" WIDTH="451" VPOS="2001" HPOS="409">
            <String HEIGHT="67" WIDTH="301" VPOS="2001" HPOS="388" CONTENT="Lamartine," ID="tl_32_1" STYLEREFS="FONT0"/>
            <SP HEIGHT="67" WIDTH="21" VPOS="2001" HPOS="688"/>
            <String HEIGHT="67" WIDTH="150" VPOS="2001" HPOS="624" CONTENT="54," ID="tl_32_2" STYLEREFS="FONT0"/>
            <SP HEIGHT="67" WIDTH="21" VPOS="2001" HPOS="774"/>
            <String HEIGHT="67" WIDTH="172" VPOS="2001" HPOS="688" CONTENT="Paris." ID="tl_32_3" STYLEREFS="FONT0"/>
          </TextLine>
        </TextBlock>
        <TextBlock ID="r_13_15" HEIGHT="54" WIDTH="706" VPOS="2067" HPOS="249">
          <TextLine ID="tl_33" BASELINE="2119" HEIGHT="68" WIDTH="719" VPOS="2051" HPOS="242">
            <String HEIGHT="68" WIDTH="284" VPOS="2051" HPOS="223" CONTENT="288" ID="tl_33_1" STYLEREFS="FONT1"/>
            <SP HEIGHT="68" WIDTH="19" VPOS="2051" HPOS="507"/>
            <String HEIGHT="68" WIDTH="208" VPOS="2051" HPOS="450" CONTENT="L’appel" ID="tl_33_2" STYLEREFS="FONT0"/>
            <SP HEIGHT="68" WIDTH="19" VPOS="2051" HPOS="658"/>
            <String HEIGHT="68" WIDTH="378" VPOS="2051" HPOS="583" CONTENT="(Basse" ID="tl_33_3" STYLEREFS="FONT0"/>
          </TextLine>
        </TextBlock>
        <TextBlock ID="r_13_16" HEIGHT="51" WIDTH="589" VPOS="2128" HPOS="248">
          <TextLine ID="tl_34" BASELINE="2180" HEIGHT="62" WIDTH="602" VPOS="2118" HPOS="241">
            <String HEIGHT="62" WIDTH="274" VPOS="2118" HPOS="223" CONTENT="289" ID="tl_34_1" STYLEREFS="FONT1"/>
            <SP HEIGHT="62" WIDTH="18" VPOS="2118" HPOS="496"/>
            <String HEIGHT="62" WIDTH="128" VPOS="2118" HPOS="442" CONTENT="Sur" ID="tl_34_2" STYLEREFS="FONT0"/>
            <SP HEIGHT="62" WIDTH="18" VPOS="2118" HPOS="569"/>
            <String HEIGHT="62" WIDTH="109" VPOS="2118" HPOS="515" CONTENT="la" ID="tl_34_3" STYLEREFS="FONT0"/>
            <SP HEIGHT="62" WIDTH="18" VPOS="2118" HPOS="624"/>
            <String HEIGHT="62" WIDTH="146" VPOS="2118" HPOS="569" CONTENT="dune" ID="tl_34_4" STYLEREFS="FONT0"/>
            <SP HEIGHT="62" WIDTH="18" VPOS="2118" HPOS="715"/>
            <String HEIGHT="62" WIDTH="201" VPOS="2118" HPOS="642" CONTENT="(Manche)." ID="tl_34_5" STYLEREFS="FONT0"/>
          </TextLine>
        </TextBlock>
        <TextBlock ID="r_13_17" HEIGHT="227" WIDTH="1084" VPOS="2202" HPOS="373">
          <TextLine ID="tl_35" BASELINE="2268" HEIGHT="83" WIDTH="1096" VPOS="2185" HPOS="366">
            <String HEIGHT="83" WIDTH="448" VPOS="2185" HPOS="341" CONTENT="HÉBERT-STEVENS" ID="tl_35_1" STYLEREFS="FONT0"/>
            <SP HEIGHT="83" WIDTH="25" VPOS="2185" HPOS="789"/>
            <String HEIGHT="83" WIDTH="697" VPOS="2185" HPOS="715" CONTENT="(Jean-Baptiste-Georges)," ID="tl_35_2" STYLEREFS="FONT0"/>
            <SP HEIGHT="83" WIDTH="25" VPOS="2185" HPOS="1412"/>
            <String HEIGHT="83" WIDTH="149" VPOS="2185" HPOS="1337" CONTENT="né" ID="tl_35_3" STYLEREFS="FONT0"/>
            <SP HEIGHT="83" WIDTH="25" VPOS="2185" HPOS="1487"/>
            <String HEIGHT="83" WIDTH="75" VPOS="2185" HPOS="1387" CONTENT="à" ID="tl_35_4" STYLEREFS="FONT0"/>
          </TextLine>
          <TextLine ID="tl_36" BASELINE="2303" HEIGHT="61" WIDTH="1051" VPOS="2242" HPOS="408">
            <String HEIGHT="61" WIDTH="263" VPOS="2242" HPOS="382" CONTENT="Rouen," ID="tl_36_1" STYLEREFS="FONT0"/>
            <SP HEIGHT="61" WIDTH="26" VPOS="2242" HPOS="644"/>
            <String HEIGHT="61" WIDTH="236" VPOS="2242" HPOS="566" CONTENT="élève" ID="tl_36_2" STYLEREFS="FONT0"/>
            <SP HEIGHT="61" WIDTH="26" VPOS="2242" HPOS="802"/>
            <String HEIGHT="61" WIDTH="158" VPOS="2242" HPOS="723" CONTENT="de" ID="tl_36_3" STYLEREFS="FONT0"/>
            <SP HEIGHT="61" WIDTH="26" VPOS="2242" HPOS="881"/>
            <String HEIGHT="61" WIDTH="184" VPOS="2242" HPOS="802" CONTENT="MM." ID="tl_36_4" STYLEREFS="FONT0"/>
            <SP HEIGHT="61" WIDTH="26" VPOS="2242" HPOS="986"/>
            <String HEIGHT="61" WIDTH="158" VPOS="2242" HPOS="907" CONTENT="E." ID="tl_36_5" STYLEREFS="FONT0"/>
            <SP HEIGHT="61" WIDTH="26" VPOS="2242" HPOS="1065"/>
            <String HEIGHT="61" WIDTH="263" VPOS="2242" HPOS="986" CONTENT="Hébert" ID="tl_36_6" STYLEREFS="FONT0"/>
            <SP HEIGHT="61" WIDTH="26" VPOS="2242" HPOS="1249"/>
            <String HEIGHT="61" WIDTH="158" VPOS="2242" HPOS="1170" CONTENT="et" ID="tl_36_7" STYLEREFS="FONT0"/>
            <SP HEIGHT="61" WIDTH="26" VPOS="2242" HPOS="1328"/>
            <String HEIGHT="61" WIDTH="236" VPOS="2242" HPOS="1223" CONTENT="Bonnat;" ID="tl_36_8" STYLEREFS="FONT0"/>
          </TextLine>
          <TextLine ID="tl_37" BASELINE="2341" HEIGHT="49" WIDTH="1053" VPOS="2292" HPOS="407">
            <String HEIGHT="49" WIDTH="117" VPOS="2292" HPOS="384" CONTENT="9" ID="tl_37_1" STYLEREFS="FONT0"/>
            <SP HEIGHT="49" WIDTH="23" VPOS="2292" HPOS="501"/>
            <String HEIGHT="49" WIDTH="187" VPOS="2292" HPOS="430" CONTENT="méd." ID="tl_37_2" STYLEREFS="FONT0"/>
            <SP HEIGHT="49" WIDTH="23" VPOS="2292" HPOS="618"/>
            <String HEIGHT="49" WIDTH="211" VPOS="2292" HPOS="547" CONTENT="d’or," ID="tl_37_3" STYLEREFS="FONT0"/>
            <SP HEIGHT="49" WIDTH="23" VPOS="2292" HPOS="758"/>
            <String HEIGHT="49" WIDTH="234" VPOS="2292" HPOS="688" CONTENT="d’arg." ID="tl_37_4" STYLEREFS="FONT0"/>
            <SP HEIGHT="49" WIDTH="23" VPOS="2292" HPOS="922"/>
            <String HEIGHT="49" WIDTH="140" VPOS="2292" HPOS="852" CONTENT="et" ID="tl_37_5" STYLEREFS="FONT0"/>
            <SP HEIGHT="49" WIDTH="23" VPOS="2292" HPOS="992"/>
            <String HEIGHT="49" WIDTH="140" VPOS="2292" HPOS="922" CONTENT="de" ID="tl_37_6" STYLEREFS="FONT0"/>
            <SP HEIGHT="49" WIDTH="23" VPOS="2292" HPOS="1062"/>
            <String HEIGHT="49" WIDTH="164" VPOS="2292" HPOS="992" CONTENT="br." ID="tl_37_7" STYLEREFS="FONT0"/>
            <SP HEIGHT="49" WIDTH="23" VPOS="2292" HPOS="1156"/>
            <String HEIGHT="49" WIDTH="117" VPOS="2292" HPOS="1086" CONTENT="—" ID="tl_37_8" STYLEREFS="FONT0"/>
            <SP HEIGHT="49" WIDTH="23" VPOS="2292" HPOS="1203"/>
            <String HEIGHT="49" WIDTH="234" VPOS="2292" HPOS="1132" CONTENT="Avenue" ID="tl_37_9" STYLEREFS="FONT0"/>
            <SP HEIGHT="49" WIDTH="23" VPOS="2292" HPOS="1366"/>
            <String HEIGHT="49" WIDTH="140" VPOS="2292" HPOS="1296" CONTENT="de" ID="tl_37_10" STYLEREFS="FONT0"/>
            <SP HEIGHT="49" WIDTH="23" VPOS="2292" HPOS="1437"/>
            <String HEIGHT="49" WIDTH="117" VPOS="2292" HPOS="1343" CONTENT="(la" ID="tl_37_11" STYLEREFS="FONT0"/>
          </TextLine>
          <TextLine ID="tl_38" BASELINE="2388" HEIGHT="64" WIDTH="1053" VPOS="2324" HPOS="410">
            <String HEIGHT="64" WIDTH="269" VPOS="2324" HPOS="388" CONTENT="Moskowa," ID="tl_38_1" STYLEREFS="FONT0"/>
            <SP HEIGHT="64" WIDTH="22" VPOS="2324" HPOS="656"/>
            <String HEIGHT="64" WIDTH="112" VPOS="2324" HPOS="589" CONTENT="à" ID="tl_38_2" STYLEREFS="FONT0"/>
            <SP HEIGHT="64" WIDTH="22" VPOS="2324" HPOS="701"/>
            <String HEIGHT="64" WIDTH="448" VPOS="2324" HPOS="634" CONTENT="Maisons-Laffitte" ID="tl_38_3" STYLEREFS="FONT0"/>
            <SP HEIGHT="64" WIDTH="22" VPOS="2324" HPOS="1082"/>
            <String HEIGHT="64" WIDTH="448" VPOS="2324" HPOS="1015" CONTENT="(Seine-et-Oise)," ID="tl_38_4" STYLEREFS="FONT0"/>
            <SP HEIGHT="64" WIDTH="22" VPOS="2324" HPOS="1463"/>
            <String HEIGHT="64" WIDTH="90" VPOS="2324" HPOS="1373" CONTENT="et" ID="tl_38_5" STYLEREFS="FONT0"/>
          </TextLine>
          <TextLine ID="tl_39" BASELINE="2446" HEIGHT="77" WIDTH="670" VPOS="2369" HPOS="412">
            <String HEIGHT="77" WIDTH="173" VPOS="2369" HPOS="390" CONTENT="109," ID="tl_39_1" STYLEREFS="FONT0"/>
            <SP HEIGHT="77" WIDTH="22" VPOS="2369" HPOS="563"/>
            <String HEIGHT="77" WIDTH="216" VPOS="2369" HPOS="498" CONTENT="avenue" ID="tl_39_2" STYLEREFS="FONT0"/>
            <SP HEIGHT="77" WIDTH="22" VPOS="2369" HPOS="715"/>
            <String HEIGHT="77" WIDTH="216" VPOS="2369" HPOS="650" CONTENT="Victor" ID="tl_39_3" STYLEREFS="FONT0"/>
            <SP HEIGHT="77" WIDTH="22" VPOS="2369" HPOS="866"/>
            <String HEIGHT="77" WIDTH="195" VPOS="2369" HPOS="801" CONTENT="Hugo," ID="tl_39_4" STYLEREFS="FONT0"/>
            <SP HEIGHT="77" WIDTH="22" VPOS="2369" HPOS="996"/>
            <String HEIGHT="77" WIDTH="173" VPOS="2369" HPOS="909" CONTENT="Paris." ID="tl_39_5" STYLEREFS="FONT0"/>
          </TextLine>
        </TextBlock>
        <TextBlock ID="r_13_18" HEIGHT="43" WIDTH="559" VPOS="2442" HPOS="252">
          <TextLine ID="tl_40" BASELINE="2501" HEIGHT="73" WIDTH="572" VPOS="2428" HPOS="245">
            <String HEIGHT="73" WIDTH="268" VPOS="2428" HPOS="227" CONTENT="290" ID="tl_40_1" STYLEREFS="FONT1"/>
            <SP HEIGHT="73" WIDTH="18" VPOS="2428" HPOS="495"/>
            <String HEIGHT="73" WIDTH="215" VPOS="2428" HPOS="442" CONTENT="Portrait" ID="tl_40_2" STYLEREFS="FONT0"/>
            <SP HEIGHT="73" WIDTH="18" VPOS="2428" HPOS="656"/>
            <String HEIGHT="73" WIDTH="107" VPOS="2428" HPOS="603" CONTENT="de" ID="tl_40_3" STYLEREFS="FONT0"/>
            <SP HEIGHT="73" WIDTH="18" VPOS="2428" HPOS="710"/>
            <String HEIGHT="73" WIDTH="125" VPOS="2428" HPOS="656" CONTENT="Mme" ID="tl_40_4" STYLEREFS="FONT0"/>
            <SP HEIGHT="73" WIDTH="18" VPOS="2428" HPOS="781"/>
            <String HEIGHT="73" WIDTH="107" VPOS="2428" HPOS="710" CONTENT="X..." ID="tl_40_5" STYLEREFS="FONT0"/>
          </TextLine>
        </TextBlock>
        <TextBlock ID="r_13_19" HEIGHT="52" WIDTH="734" VPOS="2498" HPOS="254">
          <TextLine ID="tl_41" BASELINE="2551" HEIGHT="65" WIDTH="747" VPOS="2486" HPOS="247">
            <String HEIGHT="65" WIDTH="273" VPOS="2486" HPOS="229" CONTENT="291" ID="tl_41_1" STYLEREFS="FONT1"/>
            <SP HEIGHT="65" WIDTH="18" VPOS="2486" HPOS="502"/>
            <String HEIGHT="65" WIDTH="219" VPOS="2486" HPOS="447" CONTENT="Portrait" ID="tl_41_2" STYLEREFS="FONT0"/>
            <SP HEIGHT="65" WIDTH="18" VPOS="2486" HPOS="666"/>
            <String HEIGHT="65" WIDTH="109" VPOS="2486" HPOS="611" CONTENT="de" ID="tl_41_3" STYLEREFS="FONT0"/>
            <SP HEIGHT="65" WIDTH="18" VPOS="2486" HPOS="721"/>
            <String HEIGHT="65" WIDTH="128" VPOS="2486" HPOS="666" CONTENT="Mme" ID="tl_41_4" STYLEREFS="FONT0"/>
            <SP HEIGHT="65" WIDTH="18" VPOS="2486" HPOS="794"/>
            <String HEIGHT="65" WIDTH="146" VPOS="2486" HPOS="739" CONTENT="K..." ID="tl_41_5" STYLEREFS="FONT0"/>
            <SP HEIGHT="65" WIDTH="18" VPOS="2486" HPOS="885"/>
            <String HEIGHT="65" WIDTH="182" VPOS="2486" HPOS="812" CONTENT="(étude)." ID="tl_41_6" STYLEREFS="FONT0"/>
          </TextLine>
        </TextBlock>
        <GraphicalElement ID="r_15" HEIGHT="14" WIDTH="433" VPOS="126" HPOS="429"/>
        <GraphicalElement ID="r_16" HEIGHT="17" WIDTH="551" VPOS="120" HPOS="1042"/>
        <GraphicalElement ID="r_17" HEIGHT="19" WIDTH="1200" VPOS="2969" HPOS="46"/>
        <GraphicalElement ID="r_18" HEIGHT="11" WIDTH="501" VPOS="2969" HPOS="1246"/>
        <GraphicalElement ID="r_19" HEIGHT="1964" WIDTH="14" VPOS="1006" HPOS="1746"/>
        <GraphicalElement ID="r_20" HEIGHT="815" WIDTH="10" VPOS="191" HPOS="1742"/>
        <GraphicalElement ID="r_21" HEIGHT="289" WIDTH="17" VPOS="1669" HPOS="1747"/>
        <GraphicalElement ID="r_22" HEIGHT="98" WIDTH="11" VPOS="1449" HPOS="1747"/>
        <Illustration ID="r_8" HEIGHT="163" WIDTH="123" VPOS="2099" HPOS="0"/>
        <Illustration ID="r_11" HEIGHT="160" WIDTH="119" VPOS="2623" HPOS="4"/>
      </PrintSpace>
    </Page>
  </Layout>
</alto>
