<alto xmlns:xsi="http://www.w3.org/2001/XMLSchema-instance" xmlns="http://www.loc.gov/standards/alto/ns-v2#" xmlns:page="http://schema.primaresearch.org/PAGE/gts/pagecontent/2013-07-15" xsi:schemaLocation="http://www.loc.gov/standards/alto/ns-v2# http://www.loc.gov/standards/alto/alto.xsd">
  <Description>
    <MeasurementUnit>mm10</MeasurementUnit>
    <sourceImageInformation>
         <fileName>52.jpg</fileName>
      </sourceImageInformation>
    <OCRProcessing ID="IdOcr">
      <ocrProcessingStep>
        <processingDateTime>2020-10-31T11:45:55.92+01:00</processingDateTime>
        <processingSoftware>
               <softwareCreator>CONTRIBUTORS</softwareCreator>
               <softwareName>pdfalto</softwareName>
               <softwareVersion>0.1</softwareVersion>
            </processingSoftware>
      </ocrProcessingStep>
    </OCRProcessing>
  </Description>
  <Styles>
   <TextStyle ID="FONT0" FONTFAMILY="unknown" FONTSIZE="unknown" FONTSTYLE=""/>
   <TextStyle ID="FONT1" FONTFAMILY="unknown" FONTSIZE="unknown" FONTSTYLE="bold"/>
   <TextStyle ID="FONT2" FONTFAMILY="unknown" FONTSIZE="unknown" FONTSTYLE="italics"/>
  </Styles>
  <Tags/>
  <Layout>
    <Page ID="Page1" PHYSICAL_IMG_NR="1" HEIGHT="3149" WIDTH="1955">
      <PrintSpace HEIGHT="2873" WIDTH="1762" VPOS="101" HPOS="118">
        <TextBlock ID="r_1_1" HEIGHT="34" WIDTH="43" VPOS="440" HPOS="412">
          <TextLine ID="tl_1" BASELINE="483" HEIGHT="72" WIDTH="56" VPOS="411" HPOS="405">
            <String HEIGHT="72" WIDTH="112" VPOS="411" HPOS="349" CONTENT="46" ID="tl_1_1" STYLEREFS="FONT0"/>
          </TextLine>
        </TextBlock>
        <TextBlock ID="r_2_1" HEIGHT="27" WIDTH="215" VPOS="444" HPOS="913">
          <TextLine ID="tl_2" BASELINE="499" HEIGHT="92" WIDTH="229" VPOS="407" HPOS="906">
            <String HEIGHT="92" WIDTH="280" VPOS="407" HPOS="855" CONTENT="PEINTURE." ID="tl_2_1" STYLEREFS="FONT0"/>
          </TextLine>
        </TextBlock>
        <TextBlock ID="r_3_1" HEIGHT="124" WIDTH="1089" VPOS="541" HPOS="538">
          <TextLine ID="tl_3" BASELINE="593" HEIGHT="72" WIDTH="1101" VPOS="521" HPOS="532">
            <String HEIGHT="72" WIDTH="187" VPOS="521" HPOS="509" CONTENT="JOUY" ID="tl_3_1" STYLEREFS="FONT0"/>
            <SP HEIGHT="72" WIDTH="23" VPOS="521" HPOS="696"/>
            <String HEIGHT="72" WIDTH="305" VPOS="521" HPOS="626" CONTENT="(Eugène)," ID="tl_3_2" STYLEREFS="FONT0"/>
            <SP HEIGHT="72" WIDTH="23" VPOS="521" HPOS="930"/>
            <String HEIGHT="72" WIDTH="141" VPOS="521" HPOS="860" CONTENT="né" ID="tl_3_3" STYLEREFS="FONT0"/>
            <SP HEIGHT="72" WIDTH="23" VPOS="521" HPOS="1001"/>
            <String HEIGHT="72" WIDTH="141" VPOS="521" HPOS="930" CONTENT="au" ID="tl_3_4" STYLEREFS="FONT0"/>
            <SP HEIGHT="72" WIDTH="23" VPOS="521" HPOS="1071"/>
            <String HEIGHT="72" WIDTH="234" VPOS="521" HPOS="1001" CONTENT="Havre," ID="tl_3_5" STYLEREFS="FONT0"/>
            <SP HEIGHT="72" WIDTH="23" VPOS="521" HPOS="1235"/>
            <String HEIGHT="72" WIDTH="211" VPOS="521" HPOS="1164" CONTENT="élève" ID="tl_3_6" STYLEREFS="FONT0"/>
            <SP HEIGHT="72" WIDTH="23" VPOS="521" HPOS="1375"/>
            <String HEIGHT="72" WIDTH="141" VPOS="521" HPOS="1305" CONTENT="de" ID="tl_3_7" STYLEREFS="FONT0"/>
            <SP HEIGHT="72" WIDTH="23" VPOS="521" HPOS="1446"/>
            <String HEIGHT="72" WIDTH="164" VPOS="521" HPOS="1375" CONTENT="MM." ID="tl_3_8" STYLEREFS="FONT0"/>
            <SP HEIGHT="72" WIDTH="23" VPOS="521" HPOS="1539"/>
            <String HEIGHT="72" WIDTH="187" VPOS="521" HPOS="1446" CONTENT="Lhuil" SUBS_TYPE="HypPart1" SUBS_CONTENT="Lhuillier" ID="tl_3_9" STYLEREFS="FONT0"/>
            <HYP CONTENT="-"/>
          </TextLine>
          <TextLine ID="tl_4" BASELINE="641" HEIGHT="70" WIDTH="1057" VPOS="571" HPOS="574">
            <String HEIGHT="70" WIDTH="176" VPOS="571" HPOS="552" CONTENT="lier" SUBS_TYPE="HypPart2" SUBS_CONTENT="Lhuillier" ID="tl_4_1" STYLEREFS="FONT0"/>
            <SP HEIGHT="70" WIDTH="22" VPOS="571" HPOS="728"/>
            <String HEIGHT="70" WIDTH="132" VPOS="571" HPOS="662" CONTENT="et" ID="tl_4_2" STYLEREFS="FONT0"/>
            <SP HEIGHT="70" WIDTH="22" VPOS="571" HPOS="794"/>
            <String HEIGHT="70" WIDTH="242" VPOS="571" HPOS="728" CONTENT="Marais." ID="tl_4_3" STYLEREFS="FONT0"/>
            <SP HEIGHT="70" WIDTH="22" VPOS="571" HPOS="970"/>
            <String HEIGHT="70" WIDTH="110" VPOS="571" HPOS="904" CONTENT="—" ID="tl_4_4" STYLEREFS="FONT0"/>
            <SP HEIGHT="70" WIDTH="22" VPOS="571" HPOS="1014"/>
            <String HEIGHT="70" WIDTH="198" VPOS="571" HPOS="948" CONTENT="Place" ID="tl_4_5" STYLEREFS="FONT0"/>
            <SP HEIGHT="70" WIDTH="22" VPOS="571" HPOS="1147"/>
            <String HEIGHT="70" WIDTH="132" VPOS="571" HPOS="1080" CONTENT="de" ID="tl_4_6" STYLEREFS="FONT0"/>
            <SP HEIGHT="70" WIDTH="22" VPOS="571" HPOS="1213"/>
            <String HEIGHT="70" WIDTH="462" VPOS="571" HPOS="1147" CONTENT="l’Hôtel-de-Ville," ID="tl_4_7" STYLEREFS="FONT0"/>
            <SP HEIGHT="70" WIDTH="22" VPOS="571" HPOS="1609"/>
            <String HEIGHT="70" WIDTH="110" VPOS="571" HPOS="1521" CONTENT="23," ID="tl_4_8" STYLEREFS="FONT0"/>
          </TextLine>
          <TextLine ID="tl_5" BASELINE="685" HEIGHT="61" WIDTH="200" VPOS="624" HPOS="575">
            <String HEIGHT="61" WIDTH="150" VPOS="624" HPOS="550" CONTENT="Le" ID="tl_5_1" STYLEREFS="FONT0"/>
            <SP HEIGHT="61" WIDTH="25" VPOS="624" HPOS="700"/>
            <String HEIGHT="61" WIDTH="175" VPOS="624" HPOS="600" CONTENT="Havre" ID="tl_5_2" STYLEREFS="FONT0"/>
          </TextLine>
        </TextBlock>
        <TextBlock ID="r_3_2" HEIGHT="45" WIDTH="556" VPOS="689" HPOS="415">
          <TextLine ID="tl_6" BASELINE="753" HEIGHT="80" WIDTH="568" VPOS="673" HPOS="409">
            <String HEIGHT="80" WIDTH="275" VPOS="673" HPOS="391" CONTENT="338" ID="tl_6_1" STYLEREFS="FONT1"/>
            <SP HEIGHT="80" WIDTH="18" VPOS="673" HPOS="666"/>
            <String HEIGHT="80" WIDTH="110" VPOS="673" HPOS="611" CONTENT="Un" ID="tl_6_2" STYLEREFS="FONT0"/>
            <SP HEIGHT="80" WIDTH="18" VPOS="673" HPOS="720"/>
            <String HEIGHT="80" WIDTH="165" VPOS="673" HPOS="666" CONTENT="poste" ID="tl_6_3" STYLEREFS="FONT0"/>
            <SP HEIGHT="80" WIDTH="18" VPOS="673" HPOS="830"/>
            <String HEIGHT="80" WIDTH="220" VPOS="673" HPOS="757" CONTENT="dangereux." ID="tl_6_4" STYLEREFS="FONT0"/>
          </TextLine>
        </TextBlock>
        <TextBlock ID="r_3_3" HEIGHT="131" WIDTH="1081" VPOS="775" HPOS="543">
          <TextLine ID="tl_7" BASELINE="822" HEIGHT="75" WIDTH="1093" VPOS="747" HPOS="536">
            <String HEIGHT="75" WIDTH="302" VPOS="747" HPOS="513" CONTENT="KOETSCHET" ID="tl_7_1" STYLEREFS="FONT0"/>
            <SP HEIGHT="75" WIDTH="23" VPOS="747" HPOS="815"/>
            <String HEIGHT="75" WIDTH="326" VPOS="747" HPOS="745" CONTENT="(Achille)," ID="tl_7_2" STYLEREFS="FONT0"/>
            <SP HEIGHT="75" WIDTH="23" VPOS="747" HPOS="1071"/>
            <String HEIGHT="75" WIDTH="140" VPOS="747" HPOS="1001" CONTENT="né" ID="tl_7_3" STYLEREFS="FONT0"/>
            <SP HEIGHT="75" WIDTH="23" VPOS="747" HPOS="1141"/>
            <String HEIGHT="75" WIDTH="116" VPOS="747" HPOS="1071" CONTENT="à" ID="tl_7_4" STYLEREFS="FONT0"/>
            <SP HEIGHT="75" WIDTH="23" VPOS="747" HPOS="1187"/>
            <String HEIGHT="75" WIDTH="349" VPOS="747" HPOS="1117" CONTENT="Saint-Imier" ID="tl_7_5" STYLEREFS="FONT0"/>
            <SP HEIGHT="75" WIDTH="23" VPOS="747" HPOS="1466"/>
            <String HEIGHT="75" WIDTH="256" VPOS="747" HPOS="1373" CONTENT="(Suisse)," ID="tl_7_6" STYLEREFS="FONT0"/>
          </TextLine>
          <TextLine ID="tl_8" BASELINE="866" HEIGHT="52" WIDTH="1054" VPOS="814" HPOS="577">
            <String HEIGHT="52" WIDTH="202" VPOS="814" HPOS="555" CONTENT="élève" ID="tl_8_1" STYLEREFS="FONT0"/>
            <SP HEIGHT="52" WIDTH="22" VPOS="814" HPOS="756"/>
            <String HEIGHT="52" WIDTH="135" VPOS="814" HPOS="689" CONTENT="de" ID="tl_8_2" STYLEREFS="FONT0"/>
            <SP HEIGHT="52" WIDTH="22" VPOS="814" HPOS="824"/>
            <String HEIGHT="52" WIDTH="157" VPOS="814" HPOS="756" CONTENT="MM." ID="tl_8_3" STYLEREFS="FONT0"/>
            <SP HEIGHT="52" WIDTH="22" VPOS="814" HPOS="913"/>
            <String HEIGHT="52" WIDTH="336" VPOS="814" HPOS="846" CONTENT="Harpignies," ID="tl_8_4" STYLEREFS="FONT0"/>
            <SP HEIGHT="52" WIDTH="22" VPOS="814" HPOS="1182"/>
            <String HEIGHT="52" WIDTH="269" VPOS="814" HPOS="1115" CONTENT="Lefebvre" ID="tl_8_5" STYLEREFS="FONT0"/>
            <SP HEIGHT="52" WIDTH="22" VPOS="814" HPOS="1384"/>
            <String HEIGHT="52" WIDTH="135" VPOS="814" HPOS="1317" CONTENT="et" ID="tl_8_6" STYLEREFS="FONT0"/>
            <SP HEIGHT="52" WIDTH="22" VPOS="814" HPOS="1452"/>
            <String HEIGHT="52" WIDTH="269" VPOS="814" HPOS="1362" CONTENT="Boulanger." ID="tl_8_7" STYLEREFS="FONT0"/>
          </TextLine>
          <TextLine ID="tl_9" BASELINE="911" HEIGHT="54" WIDTH="571" VPOS="857" HPOS="579">
            <String HEIGHT="54" WIDTH="114" VPOS="857" HPOS="556" CONTENT="—" ID="tl_9_1" STYLEREFS="FONT0"/>
            <SP HEIGHT="54" WIDTH="23" VPOS="857" HPOS="670"/>
            <String HEIGHT="54" WIDTH="160" VPOS="857" HPOS="602" CONTENT="Rue" ID="tl_9_2" STYLEREFS="FONT0"/>
            <SP HEIGHT="54" WIDTH="23" VPOS="857" HPOS="762"/>
            <String HEIGHT="54" WIDTH="274" VPOS="857" HPOS="693" CONTENT="Gérando," ID="tl_9_3" STYLEREFS="FONT0"/>
            <SP HEIGHT="54" WIDTH="23" VPOS="857" HPOS="967"/>
            <String HEIGHT="54" WIDTH="160" VPOS="857" HPOS="899" CONTENT="12," ID="tl_9_4" STYLEREFS="FONT0"/>
            <SP HEIGHT="54" WIDTH="23" VPOS="857" HPOS="1059"/>
            <String HEIGHT="54" WIDTH="183" VPOS="857" HPOS="967" CONTENT="Paris." ID="tl_9_5" STYLEREFS="FONT0"/>
          </TextLine>
        </TextBlock>
        <TextBlock ID="r_3_4" HEIGHT="45" WIDTH="489" VPOS="932" HPOS="419">
          <TextLine ID="tl_10" BASELINE="999" HEIGHT="85" WIDTH="503" VPOS="914" HPOS="412">
            <String HEIGHT="85" WIDTH="260" VPOS="914" HPOS="395" CONTENT="339" ID="tl_10_1" STYLEREFS="FONT1"/>
            <SP HEIGHT="85" WIDTH="17" VPOS="914" HPOS="655"/>
            <String HEIGHT="85" WIDTH="104" VPOS="914" HPOS="603" CONTENT="La" ID="tl_10_2" STYLEREFS="FONT0"/>
            <SP HEIGHT="85" WIDTH="17" VPOS="914" HPOS="707"/>
            <String HEIGHT="85" WIDTH="156" VPOS="914" HPOS="655" CONTENT="place" ID="tl_10_3" STYLEREFS="FONT0"/>
            <SP HEIGHT="85" WIDTH="17" VPOS="914" HPOS="811"/>
            <String HEIGHT="85" WIDTH="104" VPOS="914" HPOS="759" CONTENT="de" ID="tl_10_4" STYLEREFS="FONT0"/>
            <SP HEIGHT="85" WIDTH="17" VPOS="914" HPOS="863"/>
            <String HEIGHT="85" WIDTH="121" VPOS="914" HPOS="794" CONTENT="Gien." ID="tl_10_5" STYLEREFS="FONT0"/>
          </TextLine>
        </TextBlock>
        <TextBlock ID="r_3_5" HEIGHT="43" WIDTH="628" VPOS="998" HPOS="420">
          <TextLine ID="tl_11" BASELINE="1050" HEIGHT="68" WIDTH="640" VPOS="982" HPOS="414">
            <String HEIGHT="68" WIDTH="267" VPOS="982" HPOS="396" CONTENT="340" ID="tl_11_1" STYLEREFS="FONT1"/>
            <SP HEIGHT="68" WIDTH="18" VPOS="982" HPOS="663"/>
            <String HEIGHT="68" WIDTH="142" VPOS="982" HPOS="610" CONTENT="Sous" ID="tl_11_2" STYLEREFS="FONT0"/>
            <SP HEIGHT="68" WIDTH="18" VPOS="982" HPOS="752"/>
            <String HEIGHT="68" WIDTH="160" VPOS="982" HPOS="698" CONTENT="bois," ID="tl_11_3" STYLEREFS="FONT0"/>
            <SP HEIGHT="68" WIDTH="18" VPOS="982" HPOS="858"/>
            <String HEIGHT="68" WIDTH="142" VPOS="982" HPOS="805" CONTENT="dans" ID="tl_11_4" STYLEREFS="FONT0"/>
            <SP HEIGHT="68" WIDTH="18" VPOS="982" HPOS="947"/>
            <String HEIGHT="68" WIDTH="178" VPOS="982" HPOS="876" CONTENT="l’Yonne." ID="tl_11_5" STYLEREFS="FONT0"/>
          </TextLine>
        </TextBlock>
        <TextBlock ID="r_3_6" HEIGHT="130" WIDTH="1089" VPOS="1086" HPOS="542">
          <TextLine ID="tl_12" BASELINE="1141" HEIGHT="61" WIDTH="1101" VPOS="1080" HPOS="535">
            <String HEIGHT="61" WIDTH="220" VPOS="1080" HPOS="513" CONTENT="KRAFFT" ID="tl_12_1" STYLEREFS="FONT0"/>
            <SP HEIGHT="61" WIDTH="22" VPOS="1080" HPOS="733"/>
            <String HEIGHT="61" WIDTH="176" VPOS="1080" HPOS="667" CONTENT="(Mme" ID="tl_12_2" STYLEREFS="FONT0"/>
            <SP HEIGHT="61" WIDTH="22" VPOS="1080" HPOS="843"/>
            <String HEIGHT="61" WIDTH="286" VPOS="1080" HPOS="777" CONTENT="Villars)," ID="tl_12_3" STYLEREFS="FONT0"/>
            <SP HEIGHT="61" WIDTH="22" VPOS="1080" HPOS="1063"/>
            <String HEIGHT="61" WIDTH="154" VPOS="1080" HPOS="997" CONTENT="née" ID="tl_12_4" STYLEREFS="FONT0"/>
            <SP HEIGHT="61" WIDTH="22" VPOS="1080" HPOS="1152"/>
            <String HEIGHT="61" WIDTH="110" VPOS="1080" HPOS="1086" CONTENT="à" ID="tl_12_5" STYLEREFS="FONT0"/>
            <SP HEIGHT="61" WIDTH="22" VPOS="1080" HPOS="1196"/>
            <String HEIGHT="61" WIDTH="242" VPOS="1080" HPOS="1130" CONTENT="Neuilly" ID="tl_12_6" STYLEREFS="FONT0"/>
            <SP HEIGHT="61" WIDTH="22" VPOS="1080" HPOS="1372"/>
            <String HEIGHT="61" WIDTH="264" VPOS="1080" HPOS="1306" CONTENT="(Seine)," ID="tl_12_7" STYLEREFS="FONT0"/>
            <SP HEIGHT="61" WIDTH="22" VPOS="1080" HPOS="1570"/>
            <String HEIGHT="61" WIDTH="154" VPOS="1080" HPOS="1482" CONTENT="élève" ID="tl_12_8" STYLEREFS="FONT0"/>
          </TextLine>
          <TextLine ID="tl_13" BASELINE="1175" HEIGHT="55" WIDTH="1057" VPOS="1120" HPOS="580">
            <String HEIGHT="55" WIDTH="159" VPOS="1120" HPOS="554" CONTENT="de" ID="tl_13_1" STYLEREFS="FONT0"/>
            <SP HEIGHT="55" WIDTH="26" VPOS="1120" HPOS="712"/>
            <String HEIGHT="55" WIDTH="185" VPOS="1120" HPOS="633" CONTENT="MM." ID="tl_13_2" STYLEREFS="FONT0"/>
            <SP HEIGHT="55" WIDTH="26" VPOS="1120" HPOS="818"/>
            <String HEIGHT="55" WIDTH="211" VPOS="1120" HPOS="739" CONTENT="Krug" ID="tl_13_3" STYLEREFS="FONT0"/>
            <SP HEIGHT="55" WIDTH="26" VPOS="1120" HPOS="950"/>
            <String HEIGHT="55" WIDTH="159" VPOS="1120" HPOS="871" CONTENT="et" ID="tl_13_4" STYLEREFS="FONT0"/>
            <SP HEIGHT="55" WIDTH="26" VPOS="1120" HPOS="1029"/>
            <String HEIGHT="55" WIDTH="449" VPOS="1120" HPOS="950" CONTENT="Fèyen-Perrin." ID="tl_13_5" STYLEREFS="FONT0"/>
            <SP HEIGHT="55" WIDTH="26" VPOS="1120" HPOS="1399"/>
            <String HEIGHT="55" WIDTH="132" VPOS="1120" HPOS="1320" CONTENT="—" ID="tl_13_6" STYLEREFS="FONT0"/>
            <SP HEIGHT="55" WIDTH="26" VPOS="1120" HPOS="1452"/>
            <String HEIGHT="55" WIDTH="291" VPOS="1120" HPOS="1346" CONTENT="Boulevard" ID="tl_13_7" STYLEREFS="FONT0"/>
          </TextLine>
          <TextLine ID="tl_14" BASELINE="1230" HEIGHT="66" WIDTH="515" VPOS="1164" HPOS="580">
            <String HEIGHT="66" WIDTH="365" VPOS="1164" HPOS="559" CONTENT="Rochechouart," ID="tl_14_1" STYLEREFS="FONT0"/>
            <SP HEIGHT="66" WIDTH="21" VPOS="1164" HPOS="923"/>
            <String HEIGHT="66" WIDTH="150" VPOS="1164" HPOS="859" CONTENT="68," ID="tl_14_2" STYLEREFS="FONT0"/>
            <SP HEIGHT="66" WIDTH="21" VPOS="1164" HPOS="1009"/>
            <String HEIGHT="66" WIDTH="172" VPOS="1164" HPOS="923" CONTENT="Paris." ID="tl_14_3" STYLEREFS="FONT0"/>
          </TextLine>
        </TextBlock>
        <TextBlock ID="r_3_7" HEIGHT="39" WIDTH="471" VPOS="1241" HPOS="422">
          <TextLine ID="tl_15" BASELINE="1293" HEIGHT="68" WIDTH="484" VPOS="1225" HPOS="415">
            <String HEIGHT="68" WIDTH="242" VPOS="1225" HPOS="399" CONTENT="341" ID="tl_15_1" STYLEREFS="FONT1"/>
            <SP HEIGHT="68" WIDTH="16" VPOS="1225" HPOS="641"/>
            <String HEIGHT="68" WIDTH="161" VPOS="1225" HPOS="592" CONTENT="Retour" ID="tl_15_2" STYLEREFS="FONT0"/>
            <SP HEIGHT="68" WIDTH="16" VPOS="1225" HPOS="754"/>
            <String HEIGHT="68" WIDTH="97" VPOS="1225" HPOS="705" CONTENT="de" ID="tl_15_3" STYLEREFS="FONT0"/>
            <SP HEIGHT="68" WIDTH="16" VPOS="1225" HPOS="802"/>
            <String HEIGHT="68" WIDTH="161" VPOS="1225" HPOS="738" CONTENT="l’asile." ID="tl_15_4" STYLEREFS="FONT0"/>
          </TextLine>
        </TextBlock>
        <TextBlock ID="r_3_8" HEIGHT="165" WIDTH="1087" VPOS="1329" HPOS="546">
          <TextLine ID="tl_16" BASELINE="1385" HEIGHT="72" WIDTH="1100" VPOS="1313" HPOS="539">
            <String HEIGHT="72" WIDTH="183" VPOS="1313" HPOS="516" CONTENT="KRUG" ID="tl_16_1" STYLEREFS="FONT0"/>
            <SP HEIGHT="72" WIDTH="23" VPOS="1313" HPOS="699"/>
            <String HEIGHT="72" WIDTH="321" VPOS="1313" HPOS="631" CONTENT="(Edouard)," ID="tl_16_2" STYLEREFS="FONT0"/>
            <SP HEIGHT="72" WIDTH="23" VPOS="1313" HPOS="952"/>
            <String HEIGHT="72" WIDTH="138" VPOS="1313" HPOS="883" CONTENT="né" ID="tl_16_3" STYLEREFS="FONT0"/>
            <SP HEIGHT="72" WIDTH="23" VPOS="1313" HPOS="1020"/>
            <String HEIGHT="72" WIDTH="115" VPOS="1313" HPOS="951" CONTENT="à" ID="tl_16_4" STYLEREFS="FONT0"/>
            <SP HEIGHT="72" WIDTH="23" VPOS="1313" HPOS="1066"/>
            <String HEIGHT="72" WIDTH="229" VPOS="1313" HPOS="997" CONTENT="Drubec" ID="tl_16_5" STYLEREFS="FONT0"/>
            <SP HEIGHT="72" WIDTH="23" VPOS="1313" HPOS="1226"/>
            <String HEIGHT="72" WIDTH="344" VPOS="1313" HPOS="1158" CONTENT="(Calvados)," ID="tl_16_6" STYLEREFS="FONT0"/>
            <SP HEIGHT="72" WIDTH="23" VPOS="1313" HPOS="1502"/>
            <String HEIGHT="72" WIDTH="206" VPOS="1313" HPOS="1433" CONTENT="élève" ID="tl_16_7" STYLEREFS="FONT0"/>
            <SP HEIGHT="72" WIDTH="23" VPOS="1313" HPOS="1639"/>
            <String HEIGHT="72" WIDTH="92" VPOS="1313" HPOS="1547" CONTENT="de" ID="tl_16_8" STYLEREFS="FONT0"/>
          </TextLine>
          <TextLine ID="tl_17" BASELINE="1419" HEIGHT="57" WIDTH="1056" VPOS="1362" HPOS="582">
            <String HEIGHT="57" WIDTH="129" VPOS="1362" HPOS="560" CONTENT="L." ID="tl_17_1" STYLEREFS="FONT0"/>
            <SP HEIGHT="57" WIDTH="22" VPOS="1362" HPOS="690"/>
            <String HEIGHT="57" WIDTH="259" VPOS="1362" HPOS="625" CONTENT="Cogniet;" ID="tl_17_2" STYLEREFS="FONT0"/>
            <SP HEIGHT="57" WIDTH="22" VPOS="1362" HPOS="884"/>
            <String HEIGHT="57" WIDTH="194" VPOS="1362" HPOS="819" CONTENT="méd.," ID="tl_17_3" STYLEREFS="FONT0"/>
            <SP HEIGHT="57" WIDTH="22" VPOS="1362" HPOS="1013"/>
            <String HEIGHT="57" WIDTH="216" VPOS="1362" HPOS="948" CONTENT="Paris;" ID="tl_17_4" STYLEREFS="FONT0"/>
            <SP HEIGHT="57" WIDTH="22" VPOS="1362" HPOS="1164"/>
            <String HEIGHT="57" WIDTH="172" VPOS="1362" HPOS="1099" CONTENT="méd." ID="tl_17_5" STYLEREFS="FONT0"/>
            <SP HEIGHT="57" WIDTH="22" VPOS="1362" HPOS="1272"/>
            <String HEIGHT="57" WIDTH="237" VPOS="1362" HPOS="1207" CONTENT="d’hou.," ID="tl_17_6" STYLEREFS="FONT0"/>
            <SP HEIGHT="57" WIDTH="22" VPOS="1362" HPOS="1444"/>
            <String HEIGHT="57" WIDTH="280" VPOS="1362" HPOS="1358" CONTENT="Versailles," ID="tl_17_7" STYLEREFS="FONT0"/>
          </TextLine>
          <TextLine ID="tl_18" BASELINE="1461" HEIGHT="54" WIDTH="1058" VPOS="1407" HPOS="580">
            <String HEIGHT="54" WIDTH="190" VPOS="1407" HPOS="559" CONTENT="Caen;" ID="tl_18_1" STYLEREFS="FONT0"/>
            <SP HEIGHT="54" WIDTH="21" VPOS="1407" HPOS="749"/>
            <String HEIGHT="54" WIDTH="169" VPOS="1407" HPOS="686" CONTENT="méd." ID="tl_18_2" STYLEREFS="FONT0"/>
            <SP HEIGHT="54" WIDTH="21" VPOS="1407" HPOS="855"/>
            <String HEIGHT="54" WIDTH="190" VPOS="1407" HPOS="792" CONTENT="d’or," ID="tl_18_3" STYLEREFS="FONT0"/>
            <SP HEIGHT="54" WIDTH="21" VPOS="1407" HPOS="982"/>
            <String HEIGHT="54" WIDTH="212" VPOS="1407" HPOS="919" CONTENT="Rouen." ID="tl_18_4" STYLEREFS="FONT0"/>
            <SP HEIGHT="54" WIDTH="21" VPOS="1407" HPOS="1130"/>
            <String HEIGHT="54" WIDTH="106" VPOS="1407" HPOS="1067" CONTENT="—" ID="tl_18_5" STYLEREFS="FONT0"/>
            <SP HEIGHT="54" WIDTH="21" VPOS="1407" HPOS="1172"/>
            <String HEIGHT="54" WIDTH="275" VPOS="1407" HPOS="1109" CONTENT="Boulevard" ID="tl_18_6" STYLEREFS="FONT0"/>
            <SP HEIGHT="54" WIDTH="21" VPOS="1407" HPOS="1384"/>
            <String HEIGHT="54" WIDTH="127" VPOS="1407" HPOS="1321" CONTENT="de" ID="tl_18_7" STYLEREFS="FONT0"/>
            <SP HEIGHT="54" WIDTH="21" VPOS="1407" HPOS="1448"/>
            <String HEIGHT="54" WIDTH="233" VPOS="1407" HPOS="1384" CONTENT="Clichy," ID="tl_18_8" STYLEREFS="FONT0"/>
            <SP HEIGHT="54" WIDTH="21" VPOS="1407" HPOS="1617"/>
            <String HEIGHT="54" WIDTH="106" VPOS="1407" HPOS="1532" CONTENT="11," ID="tl_18_9" STYLEREFS="FONT0"/>
          </TextLine>
          <TextLine ID="tl_19" BASELINE="1511" HEIGHT="58" WIDTH="127" VPOS="1453" HPOS="587">
            <String HEIGHT="58" WIDTH="169" VPOS="1453" HPOS="545" CONTENT="Paris." ID="tl_19_1" STYLEREFS="FONT0"/>
          </TextLine>
        </TextBlock>
        <TextBlock ID="r_3_9" HEIGHT="44" WIDTH="468" VPOS="1527" HPOS="423">
          <TextLine ID="tl_20" BASELINE="1581" HEIGHT="67" WIDTH="482" VPOS="1514" HPOS="416">
            <String HEIGHT="67" WIDTH="268" VPOS="1514" HPOS="398" CONTENT="342" ID="tl_20_1" STYLEREFS="FONT1"/>
            <SP HEIGHT="67" WIDTH="18" VPOS="1514" HPOS="666"/>
            <String HEIGHT="67" WIDTH="161" VPOS="1514" HPOS="612" CONTENT="Vague" ID="tl_20_2" STYLEREFS="FONT0"/>
            <SP HEIGHT="67" WIDTH="18" VPOS="1514" HPOS="773"/>
            <String HEIGHT="67" WIDTH="107" VPOS="1514" HPOS="719" CONTENT="du" ID="tl_20_3" STYLEREFS="FONT0"/>
            <SP HEIGHT="67" WIDTH="18" VPOS="1514" HPOS="827"/>
            <String HEIGHT="67" WIDTH="143" VPOS="1514" HPOS="755" CONTENT="matin." ID="tl_20_4" STYLEREFS="FONT0"/>
          </TextLine>
        </TextBlock>
        <TextBlock ID="r_3_10" HEIGHT="40" WIDTH="599" VPOS="1593" HPOS="424">
          <TextLine ID="tl_21" BASELINE="1654" HEIGHT="78" WIDTH="612" VPOS="1576" HPOS="417">
            <String HEIGHT="78" WIDTH="270" VPOS="1576" HPOS="399" CONTENT="343" ID="tl_21_1" STYLEREFS="FONT1"/>
            <SP HEIGHT="78" WIDTH="18" VPOS="1576" HPOS="669"/>
            <String HEIGHT="78" WIDTH="126" VPOS="1576" HPOS="615" CONTENT="Une" ID="tl_21_2" STYLEREFS="FONT0"/>
            <SP HEIGHT="78" WIDTH="18" VPOS="1576" HPOS="741"/>
            <String HEIGHT="78" WIDTH="198" VPOS="1576" HPOS="687" CONTENT="victime" ID="tl_21_3" STYLEREFS="FONT0"/>
            <SP HEIGHT="78" WIDTH="18" VPOS="1576" HPOS="885"/>
            <String HEIGHT="78" WIDTH="108" VPOS="1576" HPOS="831" CONTENT="de" ID="tl_21_4" STYLEREFS="FONT0"/>
            <SP HEIGHT="78" WIDTH="18" VPOS="1576" HPOS="939"/>
            <String HEIGHT="78" WIDTH="108" VPOS="1576" HPOS="885" CONTENT="la" ID="tl_21_5" STYLEREFS="FONT0"/>
            <SP HEIGHT="78" WIDTH="18" VPOS="1576" HPOS="993"/>
            <String HEIGHT="78" WIDTH="108" VPOS="1576" HPOS="921" CONTENT="mer." ID="tl_21_6" STYLEREFS="FONT0"/>
          </TextLine>
        </TextBlock>
        <TextBlock ID="r_3_11" HEIGHT="132" WIDTH="1086" VPOS="1679" HPOS="551">
          <TextLine ID="tl_22" BASELINE="1727" HEIGHT="79" WIDTH="1098" VPOS="1648" HPOS="545">
            <String HEIGHT="79" WIDTH="314" VPOS="1648" HPOS="519" CONTENT="LABOURET" ID="tl_22_1" STYLEREFS="FONT0"/>
            <SP HEIGHT="79" WIDTH="26" VPOS="1648" HPOS="833"/>
            <String HEIGHT="79" WIDTH="235" VPOS="1648" HPOS="754" CONTENT="(Mlle" ID="tl_22_2" STYLEREFS="FONT0"/>
            <SP HEIGHT="79" WIDTH="26" VPOS="1648" HPOS="989"/>
            <String HEIGHT="79" WIDTH="261" VPOS="1648" HPOS="911" CONTENT="Marthe" ID="tl_22_3" STYLEREFS="FONT0"/>
            <SP HEIGHT="79" WIDTH="26" VPOS="1648" HPOS="1172"/>
            <String HEIGHT="79" WIDTH="209" VPOS="1648" HPOS="1094" CONTENT="de)," ID="tl_22_4" STYLEREFS="FONT0"/>
            <SP HEIGHT="79" WIDTH="26" VPOS="1648" HPOS="1303"/>
            <String HEIGHT="79" WIDTH="183" VPOS="1648" HPOS="1225" CONTENT="née" ID="tl_22_5" STYLEREFS="FONT0"/>
            <SP HEIGHT="79" WIDTH="26" VPOS="1648" HPOS="1408"/>
            <String HEIGHT="79" WIDTH="131" VPOS="1648" HPOS="1329" CONTENT="à" ID="tl_22_6" STYLEREFS="FONT0"/>
            <SP HEIGHT="79" WIDTH="26" VPOS="1648" HPOS="1460"/>
            <String HEIGHT="79" WIDTH="288" VPOS="1648" HPOS="1355" CONTENT="Angoulême" ID="tl_22_7" STYLEREFS="FONT0"/>
          </TextLine>
          <TextLine ID="tl_23" BASELINE="1770" HEIGHT="54" WIDTH="1057" VPOS="1716" HPOS="587">
            <String HEIGHT="54" WIDTH="317" VPOS="1716" HPOS="566" CONTENT="(Charente)," ID="tl_23_1" STYLEREFS="FONT0"/>
            <SP HEIGHT="54" WIDTH="21" VPOS="1716" HPOS="883"/>
            <String HEIGHT="54" WIDTH="190" VPOS="1716" HPOS="820" CONTENT="élève" ID="tl_23_2" STYLEREFS="FONT0"/>
            <SP HEIGHT="54" WIDTH="21" VPOS="1716" HPOS="1010"/>
            <String HEIGHT="54" WIDTH="127" VPOS="1716" HPOS="946" CONTENT="de" ID="tl_23_3" STYLEREFS="FONT0"/>
            <SP HEIGHT="54" WIDTH="21" VPOS="1716" HPOS="1073"/>
            <String HEIGHT="54" WIDTH="127" VPOS="1716" HPOS="1010" CONTENT="M." ID="tl_23_4" STYLEREFS="FONT0"/>
            <SP HEIGHT="54" WIDTH="21" VPOS="1716" HPOS="1137"/>
            <String HEIGHT="54" WIDTH="190" VPOS="1716" HPOS="1073" CONTENT="Félix" ID="tl_23_5" STYLEREFS="FONT0"/>
            <SP HEIGHT="54" WIDTH="21" VPOS="1716" HPOS="1263"/>
            <String HEIGHT="54" WIDTH="254" VPOS="1716" HPOS="1200" CONTENT="Barrias;" ID="tl_23_6" STYLEREFS="FONT0"/>
            <SP HEIGHT="54" WIDTH="21" VPOS="1716" HPOS="1454"/>
            <String HEIGHT="54" WIDTH="127" VPOS="1716" HPOS="1390" CONTENT="A." ID="tl_23_7" STYLEREFS="FONT0"/>
            <SP HEIGHT="54" WIDTH="21" VPOS="1716" HPOS="1517"/>
            <String HEIGHT="54" WIDTH="148" VPOS="1716" HPOS="1454" CONTENT="2.—" ID="tl_23_8" STYLEREFS="FONT0"/>
            <SP HEIGHT="54" WIDTH="21" VPOS="1716" HPOS="1602"/>
            <String HEIGHT="54" WIDTH="127" VPOS="1716" HPOS="1517" CONTENT="Bou" SUBS_TYPE="HypPart1" SUBS_CONTENT="Boulevard" ID="tl_23_9" STYLEREFS="FONT0"/>
            <HYP CONTENT="-"/>
          </TextLine>
          <TextLine ID="tl_24" BASELINE="1820" HEIGHT="59" WIDTH="567" VPOS="1761" HPOS="582">
            <String HEIGHT="59" WIDTH="203" VPOS="1761" HPOS="562" CONTENT="levard" SUBS_TYPE="HypPart2" SUBS_CONTENT="Boulevard" ID="tl_24_1" STYLEREFS="FONT0"/>
            <SP HEIGHT="59" WIDTH="20" VPOS="1761" HPOS="764"/>
            <String HEIGHT="59" WIDTH="122" VPOS="1761" HPOS="704" CONTENT="de" ID="tl_24_2" STYLEREFS="FONT0"/>
            <SP HEIGHT="59" WIDTH="20" VPOS="1761" HPOS="825"/>
            <String HEIGHT="59" WIDTH="223" VPOS="1761" HPOS="764" CONTENT="Clichy," ID="tl_24_3" STYLEREFS="FONT0"/>
            <SP HEIGHT="59" WIDTH="20" VPOS="1761" HPOS="987"/>
            <String HEIGHT="59" WIDTH="142" VPOS="1761" HPOS="926" CONTENT="73," ID="tl_24_4" STYLEREFS="FONT0"/>
            <SP HEIGHT="59" WIDTH="20" VPOS="1761" HPOS="1068"/>
            <String HEIGHT="59" WIDTH="162" VPOS="1761" HPOS="987" CONTENT="Paris." ID="tl_24_5" STYLEREFS="FONT0"/>
          </TextLine>
        </TextBlock>
        <TextBlock ID="r_3_12" HEIGHT="43" WIDTH="398" VPOS="1837" HPOS="427">
          <TextLine ID="tl_25" BASELINE="1903" HEIGHT="90" WIDTH="412" VPOS="1813" HPOS="420">
            <String HEIGHT="90" WIDTH="258" VPOS="1813" HPOS="403" CONTENT="344" ID="tl_25_1" STYLEREFS="FONT1"/>
            <SP HEIGHT="90" WIDTH="17" VPOS="1813" HPOS="660"/>
            <String HEIGHT="90" WIDTH="240" VPOS="1813" HPOS="592" CONTENT="Dédaigneuse." ID="tl_25_2" STYLEREFS="FONT0"/>
          </TextLine>
        </TextBlock>
        <TextBlock ID="r_3_13" HEIGHT="48" WIDTH="423" VPOS="1869" HPOS="1111">
          <TextLine ID="tl_26" BASELINE="1931" HEIGHT="72" WIDTH="436" VPOS="1859" HPOS="1104">
            <String HEIGHT="72" WIDTH="201" VPOS="1859" HPOS="1087" CONTENT="(Voir" ID="tl_26_1" STYLEREFS="FONT2"/>
            <SP HEIGHT="72" WIDTH="17" VPOS="1859" HPOS="1288"/>
            <String HEIGHT="72" WIDTH="117" VPOS="1859" HPOS="1238" CONTENT="aux" ID="tl_26_2" STYLEREFS="FONT2"/>
            <SP HEIGHT="72" WIDTH="17" VPOS="1859" HPOS="1356"/>
            <String HEIGHT="72" WIDTH="252" VPOS="1859" HPOS="1288" CONTENT="Dessins)" ID="tl_26_3" STYLEREFS="FONT2"/>
          </TextLine>
        </TextBlock>
        <TextBlock ID="r_3_14" HEIGHT="138" WIDTH="1151" VPOS="1957" HPOS="485">
          <TextLine ID="tl_27" BASELINE="2010" HEIGHT="53" WIDTH="1097" VPOS="1957" HPOS="545">
            <String HEIGHT="53" WIDTH="429" VPOS="1957" HPOS="521" CONTENT="LACRESSONNIÈRE" ID="tl_27_1" STYLEREFS="FONT0"/>
            <SP HEIGHT="53" WIDTH="24" VPOS="1957" HPOS="950"/>
            <String HEIGHT="53" WIDTH="549" VPOS="1957" HPOS="879" CONTENT="(Auguste-Philippe)," ID="tl_27_2" STYLEREFS="FONT0"/>
            <SP HEIGHT="53" WIDTH="24" VPOS="1957" HPOS="1427"/>
            <String HEIGHT="53" WIDTH="143" VPOS="1957" HPOS="1356" CONTENT="né" ID="tl_27_3" STYLEREFS="FONT0"/>
            <SP HEIGHT="53" WIDTH="24" VPOS="1957" HPOS="1499"/>
            <String HEIGHT="53" WIDTH="119" VPOS="1957" HPOS="1427" CONTENT="à" ID="tl_27_4" STYLEREFS="FONT0"/>
            <SP HEIGHT="53" WIDTH="24" VPOS="1957" HPOS="1547"/>
            <String HEIGHT="53" WIDTH="191" VPOS="1957" HPOS="1451" CONTENT="Paris," ID="tl_27_5" STYLEREFS="FONT0"/>
          </TextLine>
          <TextLine ID="tl_28" BASELINE="2062" HEIGHT="62" WIDTH="1165" VPOS="2000" HPOS="478">
            <String HEIGHT="62" WIDTH="223" VPOS="2000" HPOS="453" CONTENT="élève" ID="tl_28_1" STYLEREFS="FONT0"/>
            <SP HEIGHT="62" WIDTH="25" VPOS="2000" HPOS="676"/>
            <String HEIGHT="62" WIDTH="149" VPOS="2000" HPOS="602" CONTENT="de" ID="tl_28_2" STYLEREFS="FONT0"/>
            <SP HEIGHT="62" WIDTH="25" VPOS="2000" HPOS="751"/>
            <String HEIGHT="62" WIDTH="174" VPOS="2000" HPOS="676" CONTENT="MM." ID="tl_28_3" STYLEREFS="FONT0"/>
            <SP HEIGHT="62" WIDTH="25" VPOS="2000" HPOS="850"/>
            <String HEIGHT="62" WIDTH="248" VPOS="2000" HPOS="775" CONTENT="Cormon" ID="tl_28_4" STYLEREFS="FONT0"/>
            <SP HEIGHT="62" WIDTH="25" VPOS="2000" HPOS="1023"/>
            <String HEIGHT="62" WIDTH="149" VPOS="2000" HPOS="949" CONTENT="et" ID="tl_28_5" STYLEREFS="FONT0"/>
            <SP HEIGHT="62" WIDTH="25" VPOS="2000" HPOS="1098"/>
            <String HEIGHT="62" WIDTH="273" VPOS="2000" HPOS="1023" CONTENT="Gérôme." ID="tl_28_6" STYLEREFS="FONT0"/>
            <SP HEIGHT="62" WIDTH="25" VPOS="2000" HPOS="1296"/>
            <String HEIGHT="62" WIDTH="124" VPOS="2000" HPOS="1222" CONTENT="—" ID="tl_28_7" STYLEREFS="FONT0"/>
            <SP HEIGHT="62" WIDTH="25" VPOS="2000" HPOS="1346"/>
            <String HEIGHT="62" WIDTH="174" VPOS="2000" HPOS="1271" CONTENT="Rue" ID="tl_28_8" STYLEREFS="FONT0"/>
            <SP HEIGHT="62" WIDTH="25" VPOS="2000" HPOS="1445"/>
            <String HEIGHT="62" WIDTH="297" VPOS="2000" HPOS="1346" CONTENT="Lamartine," ID="tl_28_9" STYLEREFS="FONT0"/>
          </TextLine>
          <TextLine ID="tl_29" BASELINE="2114" HEIGHT="67" WIDTH="262" VPOS="2047" HPOS="591">
            <String HEIGHT="67" WIDTH="121" VPOS="2047" HPOS="571" CONTENT="n°" ID="tl_29_1" STYLEREFS="FONT0"/>
            <SP HEIGHT="67" WIDTH="20" VPOS="2047" HPOS="692"/>
            <String HEIGHT="67" WIDTH="141" VPOS="2047" HPOS="631" CONTENT="54," ID="tl_29_2" STYLEREFS="FONT0"/>
            <SP HEIGHT="67" WIDTH="20" VPOS="2047" HPOS="772"/>
            <String HEIGHT="67" WIDTH="161" VPOS="2047" HPOS="692" CONTENT="Paris." ID="tl_29_3" STYLEREFS="FONT0"/>
          </TextLine>
        </TextBlock>
        <TextBlock ID="r_3_15" HEIGHT="37" WIDTH="413" VPOS="2122" HPOS="429">
          <TextLine ID="tl_30" BASELINE="2178" HEIGHT="74" WIDTH="426" VPOS="2104" HPOS="423">
            <String HEIGHT="74" WIDTH="256" VPOS="2104" HPOS="406" CONTENT="345" ID="tl_30_1" STYLEREFS="FONT1"/>
            <SP HEIGHT="74" WIDTH="17" VPOS="2104" HPOS="662"/>
            <String HEIGHT="74" WIDTH="170" VPOS="2104" HPOS="610" CONTENT="Nature" ID="tl_30_2" STYLEREFS="FONT0"/>
            <SP HEIGHT="74" WIDTH="17" VPOS="2104" HPOS="781"/>
            <String HEIGHT="74" WIDTH="136" VPOS="2104" HPOS="713" CONTENT="morte." ID="tl_30_3" STYLEREFS="FONT0"/>
          </TextLine>
        </TextBlock>
        <TextBlock ID="r_3_16" HEIGHT="36" WIDTH="317" VPOS="2190" HPOS="430">
          <TextLine ID="tl_31" BASELINE="2248" HEIGHT="71" WIDTH="330" VPOS="2177" HPOS="423">
            <String HEIGHT="71" WIDTH="225" VPOS="2177" HPOS="408" CONTENT="346" ID="tl_31_1" STYLEREFS="FONT1"/>
            <SP HEIGHT="71" WIDTH="15" VPOS="2177" HPOS="633"/>
            <String HEIGHT="71" WIDTH="90" VPOS="2177" HPOS="588" CONTENT="Le" ID="tl_31_2" STYLEREFS="FONT0"/>
            <SP HEIGHT="71" WIDTH="15" VPOS="2177" HPOS="678"/>
            <String HEIGHT="71" WIDTH="135" VPOS="2177" HPOS="618" CONTENT="liseur." ID="tl_31_3" STYLEREFS="FONT0"/>
          </TextLine>
        </TextBlock>
        <TextBlock ID="r_3_17" HEIGHT="133" WIDTH="1082" VPOS="2274" HPOS="557">
          <TextLine ID="tl_32" BASELINE="2333" HEIGHT="67" WIDTH="1094" VPOS="2266" HPOS="551">
            <String HEIGHT="67" WIDTH="241" VPOS="2266" HPOS="529" CONTENT="LALANDE" ID="tl_32_1" STYLEREFS="FONT0"/>
            <SP HEIGHT="67" WIDTH="22" VPOS="2266" HPOS="770"/>
            <String HEIGHT="67" WIDTH="197" VPOS="2266" HPOS="704" CONTENT="(Mlle" ID="tl_32_2" STYLEREFS="FONT0"/>
            <SP HEIGHT="67" WIDTH="22" VPOS="2266" HPOS="901"/>
            <String HEIGHT="67" WIDTH="263" VPOS="2266" HPOS="835" CONTENT="Louise)," ID="tl_32_3" STYLEREFS="FONT0"/>
            <SP HEIGHT="67" WIDTH="22" VPOS="2266" HPOS="1098"/>
            <String HEIGHT="67" WIDTH="153" VPOS="2266" HPOS="1032" CONTENT="née" ID="tl_32_4" STYLEREFS="FONT0"/>
            <SP HEIGHT="67" WIDTH="22" VPOS="2266" HPOS="1186"/>
            <String HEIGHT="67" WIDTH="131" VPOS="2266" HPOS="1120" CONTENT="au" ID="tl_32_5" STYLEREFS="FONT0"/>
            <SP HEIGHT="67" WIDTH="22" VPOS="2266" HPOS="1251"/>
            <String HEIGHT="67" WIDTH="175" VPOS="2266" HPOS="1186" CONTENT="Mans" ID="tl_32_6" STYLEREFS="FONT0"/>
            <SP HEIGHT="67" WIDTH="22" VPOS="2266" HPOS="1361"/>
            <String HEIGHT="67" WIDTH="284" VPOS="2266" HPOS="1295" CONTENT="(Sarthe)," ID="tl_32_7" STYLEREFS="FONT0"/>
            <SP HEIGHT="67" WIDTH="22" VPOS="2266" HPOS="1579"/>
            <String HEIGHT="67" WIDTH="153" VPOS="2266" HPOS="1492" CONTENT="élève" ID="tl_32_8" STYLEREFS="FONT0"/>
          </TextLine>
          <TextLine ID="tl_33" BASELINE="2358" HEIGHT="50" WIDTH="1057" VPOS="2308" HPOS="589">
            <String HEIGHT="50" WIDTH="144" VPOS="2308" HPOS="565" CONTENT="de" ID="tl_33_1" STYLEREFS="FONT0"/>
            <SP HEIGHT="50" WIDTH="24" VPOS="2308" HPOS="709"/>
            <String HEIGHT="50" WIDTH="144" VPOS="2308" HPOS="637" CONTENT="M." ID="tl_33_2" STYLEREFS="FONT0"/>
            <SP HEIGHT="50" WIDTH="24" VPOS="2308" HPOS="781"/>
            <String HEIGHT="50" WIDTH="240" VPOS="2308" HPOS="709" CONTENT="Melin;" ID="tl_33_3" STYLEREFS="FONT0"/>
            <SP HEIGHT="50" WIDTH="24" VPOS="2308" HPOS="949"/>
            <String HEIGHT="50" WIDTH="120" VPOS="2308" HPOS="877" CONTENT="8" ID="tl_33_4" STYLEREFS="FONT0"/>
            <SP HEIGHT="50" WIDTH="24" VPOS="2308" HPOS="997"/>
            <String HEIGHT="50" WIDTH="192" VPOS="2308" HPOS="925" CONTENT="méd." ID="tl_33_5" STYLEREFS="FONT0"/>
            <SP HEIGHT="50" WIDTH="24" VPOS="2308" HPOS="1118"/>
            <String HEIGHT="50" WIDTH="144" VPOS="2308" HPOS="1045" CONTENT="en" ID="tl_33_6" STYLEREFS="FONT0"/>
            <SP HEIGHT="50" WIDTH="24" VPOS="2308" HPOS="1190"/>
            <String HEIGHT="50" WIDTH="312" VPOS="2308" HPOS="1118" CONTENT="province." ID="tl_33_7" STYLEREFS="FONT0"/>
            <SP HEIGHT="50" WIDTH="24" VPOS="2308" HPOS="1430"/>
            <String HEIGHT="50" WIDTH="120" VPOS="2308" HPOS="1358" CONTENT="—" ID="tl_33_8" STYLEREFS="FONT0"/>
            <SP HEIGHT="50" WIDTH="24" VPOS="2308" HPOS="1478"/>
            <String HEIGHT="50" WIDTH="264" VPOS="2308" HPOS="1382" CONTENT="Boulevard" ID="tl_33_9" STYLEREFS="FONT0"/>
          </TextLine>
          <TextLine ID="tl_34" BASELINE="2427" HEIGHT="71" WIDTH="504" VPOS="2356" HPOS="590">
            <String HEIGHT="71" WIDTH="231" VPOS="2356" HPOS="569" CONTENT="Suchet," ID="tl_34_1" STYLEREFS="FONT0"/>
            <SP HEIGHT="71" WIDTH="21" VPOS="2356" HPOS="800"/>
            <String HEIGHT="71" WIDTH="147" VPOS="2356" HPOS="737" CONTENT="17," ID="tl_34_2" STYLEREFS="FONT0"/>
            <SP HEIGHT="71" WIDTH="21" VPOS="2356" HPOS="884"/>
            <String HEIGHT="71" WIDTH="294" VPOS="2356" HPOS="800" CONTENT="Paris" ID="tl_34_3" STYLEREFS="FONT0"/>
          </TextLine>
        </TextBlock>
        <TextBlock ID="r_3_18" HEIGHT="39" WIDTH="685" VPOS="2430" HPOS="432">
          <TextLine ID="tl_35" BASELINE="2480" HEIGHT="58" WIDTH="697" VPOS="2422" HPOS="426">
            <String HEIGHT="58" WIDTH="275" VPOS="2422" HPOS="408" CONTENT="347" ID="tl_35_1" STYLEREFS="FONT1"/>
            <SP HEIGHT="58" WIDTH="18" VPOS="2422" HPOS="683"/>
            <String HEIGHT="58" WIDTH="183" VPOS="2422" HPOS="628" CONTENT="Chiens" ID="tl_35_2" STYLEREFS="FONT0"/>
            <SP HEIGHT="58" WIDTH="18" VPOS="2422" HPOS="811"/>
            <String HEIGHT="58" WIDTH="110" VPOS="2422" HPOS="756" CONTENT="de" ID="tl_35_3" STYLEREFS="FONT0"/>
            <SP HEIGHT="58" WIDTH="18" VPOS="2422" HPOS="866"/>
            <String HEIGHT="58" WIDTH="165" VPOS="2422" HPOS="811" CONTENT="meute" ID="tl_35_4" STYLEREFS="FONT0"/>
            <SP HEIGHT="58" WIDTH="18" VPOS="2422" HPOS="976"/>
            <String HEIGHT="58" WIDTH="147" VPOS="2422" HPOS="921" CONTENT="sous" ID="tl_35_5" STYLEREFS="FONT0"/>
            <SP HEIGHT="58" WIDTH="18" VPOS="2422" HPOS="1068"/>
            <String HEIGHT="58" WIDTH="128" VPOS="2422" HPOS="995" CONTENT="bois." ID="tl_35_6" STYLEREFS="FONT0"/>
          </TextLine>
        </TextBlock>
        <TextBlock ID="r_3_19" HEIGHT="47" WIDTH="790" VPOS="2496" HPOS="432">
          <TextLine ID="tl_36" BASELINE="2546" HEIGHT="57" WIDTH="803" VPOS="2489" HPOS="425">
            <String HEIGHT="57" WIDTH="280" VPOS="2489" HPOS="406" CONTENT="348" ID="tl_36_1" STYLEREFS="FONT1"/>
            <SP HEIGHT="57" WIDTH="19" VPOS="2489" HPOS="686"/>
            <String HEIGHT="57" WIDTH="168" VPOS="2489" HPOS="630" CONTENT="Têtes" ID="tl_36_2" STYLEREFS="FONT0"/>
            <SP HEIGHT="57" WIDTH="19" VPOS="2489" HPOS="798"/>
            <String HEIGHT="57" WIDTH="112" VPOS="2489" HPOS="742" CONTENT="de" ID="tl_36_3" STYLEREFS="FONT0"/>
            <SP HEIGHT="57" WIDTH="19" VPOS="2489" HPOS="855"/>
            <String HEIGHT="57" WIDTH="187" VPOS="2489" HPOS="798" CONTENT="chiens" ID="tl_36_4" STYLEREFS="FONT0"/>
            <SP HEIGHT="57" WIDTH="19" VPOS="2489" HPOS="985"/>
            <String HEIGHT="57" WIDTH="317" VPOS="2489" HPOS="911" CONTENT="anglo" ID="tl_36_5" STYLEREFS="FONT0"/>
          </TextLine>
        </TextBlock>
        <GraphicalElement ID="r_4" HEIGHT="28" WIDTH="1283" VPOS="101" HPOS="597"/>
        <GraphicalElement ID="r_5" HEIGHT="19" WIDTH="450" VPOS="114" HPOS="125"/>
        <GraphicalElement ID="r_6" HEIGHT="18" WIDTH="1609" VPOS="2956" HPOS="163"/>
        <GraphicalElement ID="r_7" HEIGHT="2832" WIDTH="20" VPOS="120" HPOS="118"/>
        <GraphicalElement ID="r_8" HEIGHT="2228" WIDTH="26" VPOS="445" HPOS="131"/>
        <GraphicalElement ID="r_9" HEIGHT="285" WIDTH="7" VPOS="2683" HPOS="153"/>
        <GraphicalElement ID="r_10" HEIGHT="563" WIDTH="24" VPOS="2177" HPOS="1838"/>
        <GraphicalElement ID="r_11" HEIGHT="1146" WIDTH="18" VPOS="1019" HPOS="1845"/>
        <GraphicalElement ID="r_12" HEIGHT="168" WIDTH="8" VPOS="802" HPOS="1844"/>
        <GraphicalElement ID="r_13" HEIGHT="798" WIDTH="18" VPOS="143" HPOS="1846"/>
      </PrintSpace>
    </Page>
  </Layout>
</alto>
