1998 3149
679 442 277 57 PEINTURE.

1339 437 110 63 51

330 541 294 76 LEGRAND
544 541 427 76 (Alexandre),
891 541 160 76 né
971 541 133 76 à
1024 541 267 76 Paris,
1211 541 240 76 élève
1344 541 107 76 de

378 594 131 65 L.
444 594 262 65 Cogniet.
641 594 109 65 —
684 594 175 65 Quai
794 594 262 65 Bourbon,
990 594 153 65 15,
1056 594 175 65 Paris.

219 641 239 87 393
410 641 96 87 Le
442 641 175 87 papillon.

532 709 110 54 Ce
587 709 221 54 papillon
752 709 129 54 qui
826 709 110 54 se
863 709 147 54 repose

536 763 126 52 Sur
608 763 126 52 ton
680 763 181 52 épaule
807 763 199 52 blanche
951 763 108 52 et
988 763 126 52 rose,

534 798 212 47 L’a-t-il
694 798 159 47 prise
800 798 142 47 pour
888 798 124 47 une
941 798 142 47 fleur?

534 829 113 41 Ou
591 829 151 41 bien
685 829 208 41 l’amour
817 829 246 41 ensorceleur

535 868 205 42 Revêt-il
689 868 102 42 la
740 868 154 42 forme
825 868 171 42 fluette,

533 903 104 35 De
585 903 242 35 l’insecte,
775 903 138 35 pour
861 903 104 35 te
896 903 138 35 conter

533 931 119 57 Ses
601 931 188 57 phrases
738 931 205 57 tendres,
891 931 85 57 ô
908 931 188 57 fillette,

533 972 110 36 Et
588 972 110 36 se
643 972 165 36 faire
753 972 165 36 mieux
845 972 183 36 écouter?

536 1006 116 58 Les
603 1006 166 58 filles
719 1006 133 58 sont
802 1006 116 58 les
868 1006 166 58 fleurs
968 1006 182 58 vivantes,

534 1043 113 50 Et
591 1043 113 50 le
647 1043 151 50 doux
742 1043 227 50 papillon
893 1043 170 50 d’amour

538 1079 182 38 Voltige
671 1079 99 38 la
720 1079 132 38 nuit
803 1079 99 38 et
853 1079 99 38 le
886 1079 99 38 jour

534 1113 185 50 Autour
664 1113 111 50 de
720 1113 167 50 vous,
831 1113 167 50 roses
924 1113 278 50 charmantes...

958 1159 246 77 (Georges
1122 1159 226 77 HERBERT.)

219 1215 256 66 394
424 1215 188 66 Pêches,
560 1215 188 66 raisins
696 1215 102 66 et
731 1215 153 66 figues.

335 1297 278 71 LEGRAND
537 1297 405 71 (Alexandre),
866 1297 152 71 né
942 1297 127 71 à
967 1297 481 71 Elbeuf

376 1357 189 56 élève
502 1357 126 56 de
565 1357 126 56 M.
628 1357 273 56 Graillon.
838 1357 105 56 —
880 1357 147 56 Rue
965 1357 126 56 du
1028 1357 399 56 Contrat-Social,
1343 1357 105 56 39,

343 1392 208 64 Rouen.

222 1456 269 58 395
437 1456 180 58 Eglise
545 1456 449 58 Saint

334 1546 241 60 LELARGE
509 1546 284 60 (Léonce),
728 1546 131 60 né
794 1546 109 60 à
837 1546 219 60 Rouen,
991 1546 197 60 élève
1122 1546 131 60 de
1187 1546 131 60 L.
1231 1546 219 60 Cogniet;

374 1588 190 48 méd.,
500 1588 232 48 Italie;
669 1588 126 48 M.
732 1588 126 48 H.
796 1588 126 48 et
859 1588 169 48 méd.
964 1588 126 48 de
1027 1588 169 48 br.,
1133 1588 211 48 Rouen;
1280 1588 169 48 méd.
1365 1588 84 48 de

371 1635 234 55 verm.,
535 1635 258 55 Nantes.
722 1635 117 55 —
769 1635 234 55 Avenue
933 1635 141 55 du
1003 1635 422 55 Mont-Riboudet,
1331 1635 117 55 47,

339 1668 213 54 Rouen.

215 1711 262 92 396
424 1711 157 92 Après
529 1711 105 92 la
581 1711 175 92 chasse
703 1711 175 92 (effet
825 1711 105 92 de
860 1711 140 92 lune).

211 1788 283 74 397
437 1788 132 74 Vue
513 1788 170 74 prise
626 1788 94 74 à
664 1788 226 74 l’entrée
833 1788 113 74 du
871 1788 264 74 Grand

334 1873 255 62 LELARGE
519 1873 487 62 (Raphaël-Ernest),
936 1873 139 62 né
1006 1873 116 62 à
1052 1873 278 62 Balleroy
1237 1873 209 62 (Calva-

377 1934 209 50 dos),
516 1934 209 50 élève
656 1934 140 50 de
726 1934 209 50 David
865 1934 302 50 d’Angers;
1098 1934 186 50 méd.
1214 1934 140 50 de
1284 1934 163 50 br.
1354 1934 93 50 et

376 1977 245 54 d’arg.,
554 1977 223 54 Rouen;
710 1977 178 54 méd.
821 1977 134 54 de
888 1977 312 54 l’Académie
1133 1977 156 54 des
1200 1977 245 54 Sciences,

377 2014 385 58 Belles-Lettres
697 2014 128 58 et
761 2014 171 58 Arts
868 2014 128 58 de
932 2014 235 58 Rouen.—
1103 2014 150 58 Rue
1189 2014 235 58 Danguy,
1338 2014 107 58 11,

350 2056 360 60 Boisguillaume.

210 2111 266 71 398
423 2111 106 71 En
458 2111 195 71 novembre.

209 2167 274 85 399
428 2167 128 85 Vue
501 2167 164 85 prise
610 2167 91 85 à
647 2167 164 85 l’ile
756 2167 219 85 Lacroix,
902 2167 146 85 Rouen.

328 2263 131 60 LE
394 2263 219 60 LIÈVRE
547 2263 306 60 (Maurice),
788 2263 131 60 né
853 2263 109 60 à
897 2263 219 60 Lille,
1050 2263 197 60 élève
1181 2263 131 60 de
1247 2263 153 60 MM.
1313 2263 131 60 Har-

371 2324 227 55 pignies
536 2324 124 55 et
598 2324 186 55 J.-P.
722 2324 248 55 Laurens;
908 2324 124 55 M.
970 2324 144 55 H.;
1052 2324 165 55 méd.
1155 2324 124 55 3e
1217 2324 165 55 cl.,
1300 2324 144 55 1886.

371 2378 119 58 —
419 2378 166 58 Rue
514 2378 617 58 Notre-Dame-des-Champs,
1060 2378 166 58 73,
1131 2378 190 58 Paris.

209 2420 271 75 400
426 2420 199 75 Prairie
570 2420 126 75 aux
642 2420 162 75 bords
750 2420 108 75 du
787 2420 162 75 Loiret.

207 2482 238 74 401
398 2482 127 74 Juin
461 2482 159 74 (étude).
