1955 3149
385 431 116 69 52

891 435 279 60 PEINTURE.

546 536 240 66 LEMAIRE
721 536 262 66 (Louis),
917 536 131 66 né
982 536 109 66 à
1026 536 218 66 Paris,
1178 536 196 66 élève
1309 536 131 66 de
1375 536 131 66 M.
1440 536 131 66 J.
1484 536 174 66 Dupré.

586 593 108 62 —
630 593 151 62 Rue
716 593 367 62 Saint-Claude,
1018 593 130 62 1,
1061 593 173 62 Paris.

423 641 269 97 402
638 641 215 97 Pivoines
800 641 144 97 dans
890 641 108 97 un
944 641 144 97 vase
1015 641 180 97 italien.

422 719 269 98 403
637 719 197 98 Bouquet
781 719 108 98 de
835 719 161 98 lilas
942 719 126 98 sur
1014 719 126 98 une
1068 719 161 98 pierre.

537 810 313 77 LEMAITRE
772 810 417 77 (Alexandre),
1111 810 156 77 né
1189 810 130 77 à
1241 810 261 77 Rouen,
1423 810 235 77 élève
1554 810 104 77 de

580 874 298 70 Hyacinthe
809 874 275 70 Langlois
1015 874 137 70 et
1084 874 137 70 de
1153 874 206 70 David
1290 874 298 70 d’Angers.
1520 874 115 70 —
1542 874 115 70 Rue

582 920 131 63 du
648 920 393 63 Point-du-Jour,
976 920 131 63 5,
1019 920 350 63 Boisguillaume.

419 966 265 82 404
631 966 212 82 Portrait
791 966 106 82 de
844 966 106 82 M.
897 966 106 82 de
932 966 106 82 R...

419 1046 257 75 405
624 1046 206 75 Portrait
779 1046 103 75 de
830 1046 103 75 M.
864 1046 103 75 L...

537 1144 298 66 LEMAITRE
761 1144 348 66 (Gustave),
1034 1144 149 66 né
1109 1144 124 66 à
1159 1144 348 66 Marseille,
1432 1144 224 66 élève
1557 1144 99 66 de

580 1199 167 56 MM.
676 1199 335 56 Bouguereau
939 1199 143 56 et
1010 1199 191 56 Tony
1130 1199 430 56 Robert-Fleury;
1489 1199 143 56 M.
1536 1199 120 56 H.,

581 1251 169 56 Aix,
687 1251 190 56 1887.
813 1251 106 56 —
856 1251 148 56 Rue
940 1251 275 56 Durantin,
1152 1251 148 56 20,
1215 1251 169 56 Paris.

420 1300 254 97 406
623 1300 152 97 Après
725 1300 102 97 la
759 1300 152 97 séance.

538 1408 274 59 LEMAITRE
743 1408 182 59 (Mme
857 1408 251 59 Marie),
1040 1408 205 59 élève
1176 1408 137 59 de
1245 1408 160 59 MM.
1336 1408 251 59 Carolus
1495 1408 160 59 Duran

582 1454 126 49 et
645 1454 232 49 Henner;
814 1454 126 49 M.
877 1454 148 49 H.,
961 1454 253 49 Bourges,
1151 1454 190 49 1879;
1278 1454 169 49 méd.
1383 1454 126 49 de
1446 1454 169 49 br.,
1531 1454 126 49 Bou-

580 1501 214 56 logne,
729 1501 192 56 1887.
858 1501 107 56 —
900 1501 278 56 Boulevard
1114 1501 257 56 Magenta,
1307 1501 150 56 36,
1371 1501 171 56 Paris.

423 1562 239 86 407
598 1562 175 86 Vincenza.

536 1664 160 50 LE
616 1664 241 50 MARIÉ
777 1664 187 50 DES
884 1664 348 50 LANDELLES
1151 1664 321 50 (Emile),
1392 1664 160 50 né
1472 1664 134 50 à
1499 1664 160 50 Pon-

584 1707 224 53 torson
740 1707 291 53 (Manche),
964 1707 201 53 élève
1098 1707 134 53 de
1166 1707 157 53 MM.
1255 1707 246 53 Pelouse
1434 1707 134 53 et
1479 1707 179 53 Rapin;

583 1753 137 49 M.
652 1753 160 49 H.;
743 1753 206 49 méd.,
880 1753 228 49 Paris;
1040 1753 183 49 méd.
1154 1753 228 49 d’hon.
1314 1753 137 49 en
1383 1753 297 49 province.
1588 1753 69 49 —

584 1795 150 66 Rue
669 1795 129 66 de
734 1795 215 66 Turin,
884 1795 150 66 14,
948 1795 172 66 Paris.

424 1846 247 94 408
621 1846 99 94 Le
654 1846 165 94 dormois.

424 1927 262 95 409
633 1927 105 95 Le
686 1927 210 95 chaineau
825 1927 175 95 (neige).

543 2039 332 53 LEMEILLEUR
804 2039 498 53 (Georges-Alfred),
1230 2039 142 53 né
1302 2039 118 53 à
1349 2039 237 53 Rouen,
1491 2039 166 53 élève

584 2086 134 43 de
651 2086 156 43 MM.
740 2086 268 43 Melotte,
941 2086 201 43 Lebel
1075 2086 134 43 et
1142 2086 246 43 Raphaël
1320 2086 246 43 Collin.
1499 2086 112 43 —
1521 2086 134 43 Bou-

588 2123 187 66 levard
719 2123 299 66 Beauvoisine,
963 2123 112 66 60
1019 2123 281 66 bis
1243 2123 187 66 Rouen,
1374 2123 112 66 et
1430 2123 131 66 rue
1505 2123 112 66 du
1543 2123 112 66 Val-

585 2168 272 75 de-Grâce,
794 2168 125 75 6,
836 2168 167 75 Paris.

422 2240 264 82 410
633 2240 211 82 Portrait
792 2240 106 82 de
845 2240 106 82 M.
897 2240 106 82 de
932 2240 106 82 B...

539 2319 322 72 LEMERCIER
787 2319 149 72 DE
861 2319 297 72 NEUVILLE
1084 2319 223 72 (Mlle
1233 2319 347 72 Lucienne),
1505 2319 173 72 née
1580 2319 74 72 à

581 2388 225 43 Laval
731 2388 349 43 (Mayenne),
1005 2388 225 43 élève
1155 2388 150 43 de
1230 2388 175 43 MM.
1330 2388 150 43 E.
1404 2388 250 43 Claude
1554 2388 100 43 et

582 2425 197 72 Feyen
713 2425 241 72 Perrin.
888 2425 109 72 —
932 2425 153 72 Rue
1020 2425 262 72 Duperré,
1216 2425 153 72 26,
1282 2425 175 72 Paris.

423 2495 244 70 411
618 2495 114 70 Les
666 2495 179 70 pivoines.
