<alto xmlns:xsi="http://www.w3.org/2001/XMLSchema-instance" xmlns="http://www.loc.gov/standards/alto/ns-v2#" xmlns:page="http://schema.primaresearch.org/PAGE/gts/pagecontent/2013-07-15" xsi:schemaLocation="http://www.loc.gov/standards/alto/ns-v2# http://www.loc.gov/standards/alto/alto.xsd">
  <Description>
    <MeasurementUnit>pixel</MeasurementUnit>
    <sourceImageInformation>
         <fileName>63.jpg</fileName>
      </sourceImageInformation>
    <OCRProcessing ID="IdOcr">
      <ocrProcessingStep>
        <processingDateTime>2020-10-31T11:46:00.327+01:00</processingDateTime>
        <processingSoftware>
               <softwareCreator>CONTRIBUTORS</softwareCreator>
               <softwareName>pdfalto</softwareName>
               <softwareVersion>0.1</softwareVersion>
            </processingSoftware>
      </ocrProcessingStep>
    </OCRProcessing>
  </Description>
  <Styles>
   <TextStyle ID="FONT0" FONTFAMILY="unknown" FONTSIZE="unknown" FONTSTYLE=""/>
   <TextStyle ID="FONT1" FONTFAMILY="unknown" FONTSIZE="unknown" FONTSTYLE="bold"/>
   <TextStyle ID="FONT2" FONTFAMILY="unknown" FONTSIZE="unknown" FONTSTYLE="italics"/>
  </Styles>
  <Tags/>
  <Layout>
    <Page ID="Page1" PHYSICAL_IMG_NR="1" HEIGHT="3149" WIDTH="1998">
      <PrintSpace HEIGHT="2878" WIDTH="1798" VPOS="121" HPOS="0">
        <TextBlock ID="r_1_1" HEIGHT="30" WIDTH="214" VPOS="463" HPOS="770">
          <TextLine ID="tl_1" BASELINE="517" HEIGHT="73" WIDTH="228" VPOS="444" HPOS="763">
            <String HEIGHT="73" WIDTH="279" VPOS="444" HPOS="712" CONTENT="PEINTURE." ID="tl_1_1" STYLEREFS="FONT0"/>
          </TextLine>
        </TextBlock>
        <TextBlock ID="r_2_1" HEIGHT="35" WIDTH="43" VPOS="458" HPOS="1437">
          <TextLine ID="tl_2" BASELINE="512" HEIGHT="70" WIDTH="57" VPOS="442" HPOS="1430">
            <String HEIGHT="70" WIDTH="114" VPOS="442" HPOS="1373" CONTENT="57" ID="tl_2_1" STYLEREFS="FONT0"/>
          </TextLine>
        </TextBlock>
        <TextBlock ID="r_3_1" HEIGHT="131" WIDTH="1083" VPOS="563" HPOS="397">
          <TextLine ID="tl_3" BASELINE="610" HEIGHT="65" WIDTH="1096" VPOS="545" HPOS="391">
            <String HEIGHT="65" WIDTH="179" VPOS="545" HPOS="369" CONTENT="MASO" ID="tl_3_1" STYLEREFS="FONT0"/>
            <SP HEIGHT="65" WIDTH="22" VPOS="545" HPOS="548"/>
            <String HEIGHT="65" WIDTH="291" VPOS="545" HPOS="480" CONTENT="(Felipe)," ID="tl_3_2" STYLEREFS="FONT0"/>
            <SP HEIGHT="65" WIDTH="22" VPOS="545" HPOS="771"/>
            <String HEIGHT="65" WIDTH="134" VPOS="545" HPOS="704" CONTENT="né" ID="tl_3_3" STYLEREFS="FONT0"/>
            <SP HEIGHT="65" WIDTH="22" VPOS="545" HPOS="838"/>
            <String HEIGHT="65" WIDTH="112" VPOS="545" HPOS="771" CONTENT="à" ID="tl_3_4" STYLEREFS="FONT0"/>
            <SP HEIGHT="65" WIDTH="22" VPOS="545" HPOS="883"/>
            <String HEIGHT="65" WIDTH="291" VPOS="545" HPOS="816" CONTENT="Barcelone" ID="tl_3_5" STYLEREFS="FONT0"/>
            <SP HEIGHT="65" WIDTH="22" VPOS="545" HPOS="1107"/>
            <String HEIGHT="65" WIDTH="313" VPOS="545" HPOS="1040" CONTENT="(Espagne)," ID="tl_3_6" STYLEREFS="FONT0"/>
            <SP HEIGHT="65" WIDTH="22" VPOS="545" HPOS="1353"/>
            <String HEIGHT="65" WIDTH="201" VPOS="545" HPOS="1286" CONTENT="élève" ID="tl_3_7" STYLEREFS="FONT0"/>
            <SP HEIGHT="65" WIDTH="22" VPOS="545" HPOS="1487"/>
            <String HEIGHT="65" WIDTH="89" VPOS="545" HPOS="1398" CONTENT="de" ID="tl_3_8" STYLEREFS="FONT0"/>
          </TextLine>
          <TextLine ID="tl_4" BASELINE="648" HEIGHT="46" WIDTH="1053" VPOS="602" HPOS="432">
            <String HEIGHT="46" WIDTH="137" VPOS="602" HPOS="409" CONTENT="M." ID="tl_4_1" STYLEREFS="FONT0"/>
            <SP HEIGHT="46" WIDTH="23" VPOS="602" HPOS="546"/>
            <String HEIGHT="46" WIDTH="137" VPOS="602" HPOS="478" CONTENT="L." ID="tl_4_2" STYLEREFS="FONT0"/>
            <SP HEIGHT="46" WIDTH="23" VPOS="602" HPOS="615"/>
            <String HEIGHT="46" WIDTH="252" VPOS="602" HPOS="546" CONTENT="Bonnat;" ID="tl_4_3" STYLEREFS="FONT0"/>
            <SP HEIGHT="46" WIDTH="23" VPOS="602" HPOS="798"/>
            <String HEIGHT="46" WIDTH="137" VPOS="602" HPOS="730" CONTENT="2e" ID="tl_4_4" STYLEREFS="FONT0"/>
            <SP HEIGHT="46" WIDTH="23" VPOS="602" HPOS="867"/>
            <String HEIGHT="46" WIDTH="206" VPOS="602" HPOS="798" CONTENT="méd.," ID="tl_4_5" STYLEREFS="FONT0"/>
            <SP HEIGHT="46" WIDTH="23" VPOS="602" HPOS="1004"/>
            <String HEIGHT="46" WIDTH="137" VPOS="602" HPOS="936" CONTENT="E." ID="tl_4_6" STYLEREFS="FONT0"/>
            <SP HEIGHT="46" WIDTH="23" VPOS="602" HPOS="1073"/>
            <String HEIGHT="46" WIDTH="160" VPOS="602" HPOS="1004" CONTENT="U.," ID="tl_4_7" STYLEREFS="FONT0"/>
            <SP HEIGHT="46" WIDTH="23" VPOS="602" HPOS="1165"/>
            <String HEIGHT="46" WIDTH="252" VPOS="602" HPOS="1096" CONTENT="Anvers." ID="tl_4_8" STYLEREFS="FONT0"/>
            <SP HEIGHT="46" WIDTH="23" VPOS="602" HPOS="1348"/>
            <String HEIGHT="46" WIDTH="114" VPOS="602" HPOS="1279" CONTENT="—" ID="tl_4_9" STYLEREFS="FONT0"/>
            <SP HEIGHT="46" WIDTH="23" VPOS="602" HPOS="1393"/>
            <String HEIGHT="46" WIDTH="160" VPOS="602" HPOS="1325" CONTENT="Rue" ID="tl_4_10" STYLEREFS="FONT0"/>
            <SP HEIGHT="46" WIDTH="23" VPOS="602" HPOS="1485"/>
            <String HEIGHT="46" WIDTH="92" VPOS="602" HPOS="1393" CONTENT="du" ID="tl_4_11" STYLEREFS="FONT0"/>
          </TextLine>
          <TextLine ID="tl_5" BASELINE="703" HEIGHT="59" WIDTH="743" VPOS="644" HPOS="430">
            <String HEIGHT="59" WIDTH="568" VPOS="644" HPOS="408" CONTENT="Faubourg-Saint-Honoré," ID="tl_5_1" STYLEREFS="FONT0"/>
            <SP HEIGHT="59" WIDTH="22" VPOS="644" HPOS="976"/>
            <String HEIGHT="59" WIDTH="175" VPOS="644" HPOS="911" CONTENT="185," ID="tl_5_2" STYLEREFS="FONT0"/>
            <SP HEIGHT="59" WIDTH="22" VPOS="644" HPOS="1086"/>
            <String HEIGHT="59" WIDTH="175" VPOS="644" HPOS="998" CONTENT="Paris." ID="tl_5_3" STYLEREFS="FONT0"/>
          </TextLine>
        </TextBlock>
        <TextBlock ID="r_3_2" HEIGHT="36" WIDTH="337" VPOS="706" HPOS="271">
          <TextLine ID="tl_6" BASELINE="763" HEIGHT="76" WIDTH="349" VPOS="687" HPOS="265">
            <String HEIGHT="76" WIDTH="249" VPOS="687" HPOS="248" CONTENT="453" ID="tl_6_1" STYLEREFS="FONT1"/>
            <SP HEIGHT="76" WIDTH="17" VPOS="687" HPOS="498"/>
            <String HEIGHT="76" WIDTH="183" VPOS="687" HPOS="431" CONTENT="L’ennemi." ID="tl_6_2" STYLEREFS="FONT0"/>
          </TextLine>
        </TextBlock>
        <TextBlock ID="r_3_3" HEIGHT="47" WIDTH="629" VPOS="762" HPOS="270">
          <TextLine ID="tl_7" BASELINE="819" HEIGHT="73" WIDTH="641" VPOS="746" HPOS="264">
            <String HEIGHT="73" WIDTH="260" VPOS="746" HPOS="247" CONTENT="454" ID="tl_7_1" STYLEREFS="FONT1"/>
            <SP HEIGHT="73" WIDTH="17" VPOS="746" HPOS="507"/>
            <String HEIGHT="73" WIDTH="139" VPOS="746" HPOS="455" CONTENT="Fête" ID="tl_7_2" STYLEREFS="FONT0"/>
            <SP HEIGHT="73" WIDTH="17" VPOS="746" HPOS="593"/>
            <String HEIGHT="73" WIDTH="225" VPOS="746" HPOS="541" CONTENT="andalouse" ID="tl_7_3" STYLEREFS="FONT0"/>
            <SP HEIGHT="73" WIDTH="17" VPOS="746" HPOS="766"/>
            <String HEIGHT="73" WIDTH="208" VPOS="746" HPOS="697" CONTENT="(Séville)." ID="tl_7_4" STYLEREFS="FONT0"/>
          </TextLine>
        </TextBlock>
        <TextBlock ID="r_3_4" HEIGHT="121" WIDTH="1085" VPOS="837" HPOS="393">
          <TextLine ID="tl_8" BASELINE="893" HEIGHT="77" WIDTH="1098" VPOS="816" HPOS="387">
            <String HEIGHT="77" WIDTH="224" VPOS="816" HPOS="365" CONTENT="MASSON" ID="tl_8_1" STYLEREFS="FONT0"/>
            <SP HEIGHT="77" WIDTH="22" VPOS="816" HPOS="589"/>
            <String HEIGHT="77" WIDTH="179" VPOS="816" HPOS="521" CONTENT="(Mme" ID="tl_8_2" STYLEREFS="FONT0"/>
            <SP HEIGHT="77" WIDTH="22" VPOS="816" HPOS="701"/>
            <String HEIGHT="77" WIDTH="246" VPOS="816" HPOS="633" CONTENT="Marie)," ID="tl_8_3" STYLEREFS="FONT0"/>
            <SP HEIGHT="77" WIDTH="22" VPOS="816" HPOS="880"/>
            <String HEIGHT="77" WIDTH="157" VPOS="816" HPOS="813" CONTENT="née" ID="tl_8_4" STYLEREFS="FONT0"/>
            <SP HEIGHT="77" WIDTH="22" VPOS="816" HPOS="970"/>
            <String HEIGHT="77" WIDTH="112" VPOS="816" HPOS="902" CONTENT="à" ID="tl_8_5" STYLEREFS="FONT0"/>
            <SP HEIGHT="77" WIDTH="22" VPOS="816" HPOS="1014"/>
            <String HEIGHT="77" WIDTH="224" VPOS="816" HPOS="947" CONTENT="Rouen," ID="tl_8_6" STYLEREFS="FONT0"/>
            <SP HEIGHT="77" WIDTH="22" VPOS="816" HPOS="1171"/>
            <String HEIGHT="77" WIDTH="202" VPOS="816" HPOS="1104" CONTENT="élève" ID="tl_8_7" STYLEREFS="FONT0"/>
            <SP HEIGHT="77" WIDTH="22" VPOS="816" HPOS="1306"/>
            <String HEIGHT="77" WIDTH="134" VPOS="816" HPOS="1239" CONTENT="de" ID="tl_8_8" STYLEREFS="FONT0"/>
            <SP HEIGHT="77" WIDTH="22" VPOS="816" HPOS="1373"/>
            <String HEIGHT="77" WIDTH="157" VPOS="816" HPOS="1306" CONTENT="MM." ID="tl_8_9" STYLEREFS="FONT0"/>
            <SP HEIGHT="77" WIDTH="22" VPOS="816" HPOS="1463"/>
            <String HEIGHT="77" WIDTH="112" VPOS="816" HPOS="1373" CONTENT="Za" SUBS_TYPE="HypPart1" SUBS_CONTENT="Zacharie" ID="tl_8_10" STYLEREFS="FONT0"/>
            <HYP CONTENT="-"/>
          </TextLine>
          <TextLine ID="tl_9" BASELINE="940" HEIGHT="59" WIDTH="1051" VPOS="881" HPOS="432">
            <String HEIGHT="59" WIDTH="214" VPOS="881" HPOS="411" CONTENT="charie" SUBS_TYPE="HypPart2" SUBS_CONTENT="Zacharie" ID="tl_9_1" STYLEREFS="FONT0"/>
            <SP HEIGHT="59" WIDTH="21" VPOS="881" HPOS="625"/>
            <String HEIGHT="59" WIDTH="129" VPOS="881" HPOS="561" CONTENT="et" ID="tl_9_2" STYLEREFS="FONT0"/>
            <SP HEIGHT="59" WIDTH="21" VPOS="881" HPOS="689"/>
            <String HEIGHT="59" WIDTH="300" VPOS="881" HPOS="625" CONTENT="Guillemet." ID="tl_9_3" STYLEREFS="FONT0"/>
            <SP HEIGHT="59" WIDTH="21" VPOS="881" HPOS="925"/>
            <String HEIGHT="59" WIDTH="107" VPOS="881" HPOS="861" CONTENT="—" ID="tl_9_4" STYLEREFS="FONT0"/>
            <SP HEIGHT="59" WIDTH="21" VPOS="881" HPOS="968"/>
            <String HEIGHT="59" WIDTH="150" VPOS="881" HPOS="904" CONTENT="Rue" ID="tl_9_5" STYLEREFS="FONT0"/>
            <SP HEIGHT="59" WIDTH="21" VPOS="881" HPOS="1054"/>
            <String HEIGHT="59" WIDTH="129" VPOS="881" HPOS="990" CONTENT="du" ID="tl_9_6" STYLEREFS="FONT0"/>
            <SP HEIGHT="59" WIDTH="21" VPOS="881" HPOS="1118"/>
            <String HEIGHT="59" WIDTH="429" VPOS="881" HPOS="1054" CONTENT="Champ-du-Pardon," ID="tl_9_7" STYLEREFS="FONT0"/>
            <SP HEIGHT="59" WIDTH="21" VPOS="881" HPOS="1483"/>
            <String HEIGHT="59" WIDTH="86" VPOS="881" HPOS="1397" CONTENT="1," ID="tl_9_8" STYLEREFS="FONT0"/>
          </TextLine>
          <TextLine ID="tl_10" BASELINE="983" HEIGHT="65" WIDTH="154" VPOS="918" HPOS="433">
            <String HEIGHT="65" WIDTH="205" VPOS="918" HPOS="382" CONTENT="Rouen." ID="tl_10_1" STYLEREFS="FONT0"/>
          </TextLine>
        </TextBlock>
        <TextBlock ID="r_3_5" HEIGHT="38" WIDTH="502" VPOS="979" HPOS="270">
          <TextLine ID="tl_11" BASELINE="1032" HEIGHT="74" WIDTH="515" VPOS="958" HPOS="264">
            <String HEIGHT="74" WIDTH="258" VPOS="958" HPOS="247" CONTENT="455" ID="tl_11_1" STYLEREFS="FONT1"/>
            <SP HEIGHT="74" WIDTH="17" VPOS="958" HPOS="504"/>
            <String HEIGHT="74" WIDTH="137" VPOS="958" HPOS="453" CONTENT="Près" ID="tl_11_2" STYLEREFS="FONT0"/>
            <SP HEIGHT="74" WIDTH="17" VPOS="958" HPOS="590"/>
            <String HEIGHT="74" WIDTH="103" VPOS="958" HPOS="539" CONTENT="de" ID="tl_11_3" STYLEREFS="FONT0"/>
            <SP HEIGHT="74" WIDTH="17" VPOS="958" HPOS="642"/>
            <String HEIGHT="74" WIDTH="206" VPOS="958" HPOS="573" CONTENT="Veulettes." ID="tl_11_4" STYLEREFS="FONT0"/>
          </TextLine>
        </TextBlock>
        <TextBlock ID="r_3_6" HEIGHT="130" WIDTH="1082" VPOS="1054" HPOS="394">
          <TextLine ID="tl_12" BASELINE="1100" HEIGHT="62" WIDTH="1094" VPOS="1038" HPOS="388">
            <String HEIGHT="62" WIDTH="267" VPOS="1038" HPOS="364" CONTENT="MATHIEU" ID="tl_12_1" STYLEREFS="FONT0"/>
            <SP HEIGHT="62" WIDTH="24" VPOS="1038" HPOS="631"/>
            <String HEIGHT="62" WIDTH="462" VPOS="1038" HPOS="558" CONTENT="(Camille-Jean)," ID="tl_12_2" STYLEREFS="FONT0"/>
            <SP HEIGHT="62" WIDTH="24" VPOS="1038" HPOS="1020"/>
            <String HEIGHT="62" WIDTH="146" VPOS="1038" HPOS="947" CONTENT="né" ID="tl_12_3" STYLEREFS="FONT0"/>
            <SP HEIGHT="62" WIDTH="24" VPOS="1038" HPOS="1093"/>
            <String HEIGHT="62" WIDTH="122" VPOS="1038" HPOS="1020" CONTENT="à" ID="tl_12_4" STYLEREFS="FONT0"/>
            <SP HEIGHT="62" WIDTH="24" VPOS="1038" HPOS="1142"/>
            <String HEIGHT="62" WIDTH="438" VPOS="1038" HPOS="1044" CONTENT="Crenay" ID="tl_12_5" STYLEREFS="FONT0"/>
          </TextLine>
          <TextLine ID="tl_13" BASELINE="1165" HEIGHT="70" WIDTH="1051" VPOS="1095" HPOS="429">
            <String HEIGHT="70" WIDTH="420" VPOS="1095" HPOS="406" CONTENT="(Haute-Marne)," ID="tl_13_1" STYLEREFS="FONT0"/>
            <SP HEIGHT="70" WIDTH="23" VPOS="1095" HPOS="826"/>
            <String HEIGHT="70" WIDTH="210" VPOS="1095" HPOS="756" CONTENT="élève" ID="tl_13_2" STYLEREFS="FONT0"/>
            <SP HEIGHT="70" WIDTH="23" VPOS="1095" HPOS="966"/>
            <String HEIGHT="70" WIDTH="140" VPOS="1095" HPOS="896" CONTENT="de" ID="tl_13_3" STYLEREFS="FONT0"/>
            <SP HEIGHT="70" WIDTH="23" VPOS="1095" HPOS="1036"/>
            <String HEIGHT="70" WIDTH="140" VPOS="1095" HPOS="966" CONTENT="M." ID="tl_13_4" STYLEREFS="FONT0"/>
            <SP HEIGHT="70" WIDTH="23" VPOS="1095" HPOS="1106"/>
            <String HEIGHT="70" WIDTH="140" VPOS="1095" HPOS="1036" CONTENT="L." ID="tl_13_5" STYLEREFS="FONT0"/>
            <SP HEIGHT="70" WIDTH="23" VPOS="1095" HPOS="1176"/>
            <String HEIGHT="70" WIDTH="234" VPOS="1095" HPOS="1106" CONTENT="Tanzi." ID="tl_13_6" STYLEREFS="FONT0"/>
            <SP HEIGHT="70" WIDTH="23" VPOS="1095" HPOS="1340"/>
            <String HEIGHT="70" WIDTH="117" VPOS="1095" HPOS="1270" CONTENT="—" ID="tl_13_7" STYLEREFS="FONT0"/>
            <SP HEIGHT="70" WIDTH="23" VPOS="1095" HPOS="1387"/>
            <String HEIGHT="70" WIDTH="163" VPOS="1095" HPOS="1317" CONTENT="Rue" ID="tl_13_8" STYLEREFS="FONT0"/>
            <SP HEIGHT="70" WIDTH="23" VPOS="1095" HPOS="1480"/>
            <String HEIGHT="70" WIDTH="93" VPOS="1095" HPOS="1387" CONTENT="de" ID="tl_13_9" STYLEREFS="FONT0"/>
          </TextLine>
          <TextLine ID="tl_14" BASELINE="1183" HEIGHT="48" WIDTH="662" VPOS="1135" HPOS="430">
            <String HEIGHT="48" WIDTH="214" VPOS="1135" HPOS="409" CONTENT="Paris," ID="tl_14_1" STYLEREFS="FONT0"/>
            <SP HEIGHT="48" WIDTH="21" VPOS="1135" HPOS="622"/>
            <String HEIGHT="48" WIDTH="171" VPOS="1135" HPOS="558" CONTENT="151," ID="tl_14_2" STYLEREFS="FONT0"/>
            <SP HEIGHT="48" WIDTH="21" VPOS="1135" HPOS="729"/>
            <String HEIGHT="48" WIDTH="448" VPOS="1135" HPOS="644" CONTENT="Boulogne" ID="tl_14_3" STYLEREFS="FONT0"/>
          </TextLine>
        </TextBlock>
        <TextBlock ID="r_3_7" HEIGHT="42" WIDTH="711" VPOS="1194" HPOS="267">
          <TextLine ID="tl_15" BASELINE="1261" HEIGHT="82" WIDTH="724" VPOS="1179" HPOS="260">
            <String HEIGHT="82" WIDTH="272" VPOS="1179" HPOS="242" CONTENT="456" ID="tl_15_1" STYLEREFS="FONT1"/>
            <SP HEIGHT="82" WIDTH="18" VPOS="1179" HPOS="513"/>
            <String HEIGHT="82" WIDTH="145" VPOS="1179" HPOS="459" CONTENT="Dans" ID="tl_15_2" STYLEREFS="FONT0"/>
            <SP HEIGHT="82" WIDTH="18" VPOS="1179" HPOS="604"/>
            <String HEIGHT="82" WIDTH="109" VPOS="1179" HPOS="550" CONTENT="le" ID="tl_15_3" STYLEREFS="FONT0"/>
            <SP HEIGHT="82" WIDTH="18" VPOS="1179" HPOS="658"/>
            <String HEIGHT="82" WIDTH="145" VPOS="1179" HPOS="604" CONTENT="bois" ID="tl_15_4" STYLEREFS="FONT0"/>
            <SP HEIGHT="82" WIDTH="18" VPOS="1179" HPOS="749"/>
            <String HEIGHT="82" WIDTH="109" VPOS="1179" HPOS="694" CONTENT="de" ID="tl_15_5" STYLEREFS="FONT0"/>
            <SP HEIGHT="82" WIDTH="18" VPOS="1179" HPOS="803"/>
            <String HEIGHT="82" WIDTH="253" VPOS="1179" HPOS="731" CONTENT="Saint" ID="tl_15_6" STYLEREFS="FONT0"/>
          </TextLine>
        </TextBlock>
        <TextBlock ID="r_3_8" HEIGHT="93" WIDTH="1083" VPOS="1270" HPOS="391">
          <TextLine ID="tl_16" BASELINE="1318" HEIGHT="61" WIDTH="1096" VPOS="1257" HPOS="385">
            <String HEIGHT="61" WIDTH="236" VPOS="1257" HPOS="364" CONTENT="MATHIEU" ID="tl_16_1" STYLEREFS="FONT0"/>
            <SP HEIGHT="61" WIDTH="21" VPOS="1257" HPOS="600"/>
            <String HEIGHT="61" WIDTH="172" VPOS="1257" HPOS="535" CONTENT="(Mme" ID="tl_16_2" STYLEREFS="FONT0"/>
            <SP HEIGHT="61" WIDTH="21" VPOS="1257" HPOS="707"/>
            <String HEIGHT="61" WIDTH="236" VPOS="1257" HPOS="643" CONTENT="Marie)," ID="tl_16_3" STYLEREFS="FONT0"/>
            <SP HEIGHT="61" WIDTH="21" VPOS="1257" HPOS="879"/>
            <String HEIGHT="61" WIDTH="150" VPOS="1257" HPOS="815" CONTENT="née" ID="tl_16_4" STYLEREFS="FONT0"/>
            <SP HEIGHT="61" WIDTH="21" VPOS="1257" HPOS="965"/>
            <String HEIGHT="61" WIDTH="107" VPOS="1257" HPOS="901" CONTENT="à" ID="tl_16_5" STYLEREFS="FONT0"/>
            <SP HEIGHT="61" WIDTH="21" VPOS="1257" HPOS="1008"/>
            <String HEIGHT="61" WIDTH="215" VPOS="1257" HPOS="944" CONTENT="Alger," ID="tl_16_6" STYLEREFS="FONT0"/>
            <SP HEIGHT="61" WIDTH="21" VPOS="1257" HPOS="1159"/>
            <String HEIGHT="61" WIDTH="193" VPOS="1257" HPOS="1094" CONTENT="élève" ID="tl_16_7" STYLEREFS="FONT0"/>
            <SP HEIGHT="61" WIDTH="21" VPOS="1257" HPOS="1288"/>
            <String HEIGHT="61" WIDTH="129" VPOS="1257" HPOS="1223" CONTENT="de" ID="tl_16_8" STYLEREFS="FONT0"/>
            <SP HEIGHT="61" WIDTH="21" VPOS="1257" HPOS="1352"/>
            <String HEIGHT="61" WIDTH="150" VPOS="1257" HPOS="1288" CONTENT="MM." ID="tl_16_9" STYLEREFS="FONT0"/>
            <SP HEIGHT="61" WIDTH="21" VPOS="1257" HPOS="1438"/>
            <String HEIGHT="61" WIDTH="129" VPOS="1257" HPOS="1352" CONTENT="Bou" SUBS_TYPE="HypPart1" SUBS_CONTENT="Bouguereau" ID="tl_16_10" STYLEREFS="FONT0"/>
            <HYP CONTENT="-"/>
          </TextLine>
          <TextLine ID="tl_17" BASELINE="1367" HEIGHT="55" WIDTH="969" VPOS="1312" HPOS="426">
            <String HEIGHT="55" WIDTH="237" VPOS="1312" HPOS="404" CONTENT="guereau" SUBS_TYPE="HypPart2" SUBS_CONTENT="Bouguereau" ID="tl_17_1" STYLEREFS="FONT0"/>
            <SP HEIGHT="55" WIDTH="22" VPOS="1312" HPOS="641"/>
            <String HEIGHT="55" WIDTH="129" VPOS="1312" HPOS="577" CONTENT="et" ID="tl_17_2" STYLEREFS="FONT0"/>
            <SP HEIGHT="55" WIDTH="22" VPOS="1312" HPOS="706"/>
            <String HEIGHT="55" WIDTH="258" VPOS="1312" HPOS="641" CONTENT="Chaplin." ID="tl_17_3" STYLEREFS="FONT0"/>
            <SP HEIGHT="55" WIDTH="22" VPOS="1312" HPOS="900"/>
            <String HEIGHT="55" WIDTH="108" VPOS="1312" HPOS="835" CONTENT="—" ID="tl_17_4" STYLEREFS="FONT0"/>
            <SP HEIGHT="55" WIDTH="22" VPOS="1312" HPOS="943"/>
            <String HEIGHT="55" WIDTH="151" VPOS="1312" HPOS="878" CONTENT="Rue" ID="tl_17_5" STYLEREFS="FONT0"/>
            <SP HEIGHT="55" WIDTH="22" VPOS="1312" HPOS="1029"/>
            <String HEIGHT="55" WIDTH="258" VPOS="1312" HPOS="964" CONTENT="Mansart," ID="tl_17_6" STYLEREFS="FONT0"/>
            <SP HEIGHT="55" WIDTH="22" VPOS="1312" HPOS="1223"/>
            <String HEIGHT="55" WIDTH="151" VPOS="1312" HPOS="1158" CONTENT="13," ID="tl_17_7" STYLEREFS="FONT0"/>
            <SP HEIGHT="55" WIDTH="22" VPOS="1312" HPOS="1309"/>
            <String HEIGHT="55" WIDTH="172" VPOS="1312" HPOS="1223" CONTENT="Paris." ID="tl_17_8" STYLEREFS="FONT0"/>
          </TextLine>
        </TextBlock>
        <TextBlock ID="r_3_9" HEIGHT="46" WIDTH="436" VPOS="1372" HPOS="268">
          <TextLine ID="tl_18" BASELINE="1437" HEIGHT="76" WIDTH="450" VPOS="1361" HPOS="261">
            <String HEIGHT="76" WIDTH="250" VPOS="1361" HPOS="244" CONTENT="457" ID="tl_18_1" STYLEREFS="FONT1"/>
            <SP HEIGHT="76" WIDTH="17" VPOS="1361" HPOS="494"/>
            <String HEIGHT="76" WIDTH="150" VPOS="1361" HPOS="444" CONTENT="L'eau" ID="tl_18_2" STYLEREFS="FONT0"/>
            <SP HEIGHT="76" WIDTH="17" VPOS="1361" HPOS="594"/>
            <String HEIGHT="76" WIDTH="117" VPOS="1361" HPOS="544" CONTENT="qui" ID="tl_18_3" STYLEREFS="FONT0"/>
            <SP HEIGHT="76" WIDTH="17" VPOS="1361" HPOS="661"/>
            <String HEIGHT="76" WIDTH="117" VPOS="1361" HPOS="594" CONTENT="dort." ID="tl_18_4" STYLEREFS="FONT0"/>
          </TextLine>
        </TextBlock>
        <TextBlock ID="r_3_10" HEIGHT="37" WIDTH="327" VPOS="1431" HPOS="267">
          <TextLine ID="tl_19" BASELINE="1490" HEIGHT="71" WIDTH="340" VPOS="1419" HPOS="260">
            <String HEIGHT="71" WIDTH="243" VPOS="1419" HPOS="244" CONTENT="458" ID="tl_19_1" STYLEREFS="FONT1"/>
            <SP HEIGHT="71" WIDTH="16" VPOS="1419" HPOS="487"/>
            <String HEIGHT="71" WIDTH="178" VPOS="1419" HPOS="422" CONTENT="Karounie." ID="tl_19_2" STYLEREFS="FONT0"/>
          </TextLine>
        </TextBlock>
        <TextBlock ID="r_3_11" HEIGHT="130" WIDTH="1078" VPOS="1505" HPOS="394">
          <TextLine ID="tl_20" BASELINE="1561" HEIGHT="75" WIDTH="1091" VPOS="1486" HPOS="387">
            <String HEIGHT="75" WIDTH="232" VPOS="1486" HPOS="364" CONTENT="MAUFRA" ID="tl_20_1" STYLEREFS="FONT0"/>
            <SP HEIGHT="75" WIDTH="23" VPOS="1486" HPOS="596"/>
            <String HEIGHT="75" WIDTH="302" VPOS="1486" HPOS="526" CONTENT="(Maxime)," ID="tl_20_2" STYLEREFS="FONT0"/>
            <SP HEIGHT="75" WIDTH="23" VPOS="1486" HPOS="828"/>
            <String HEIGHT="75" WIDTH="139" VPOS="1486" HPOS="758" CONTENT="né" ID="tl_20_3" STYLEREFS="FONT0"/>
            <SP HEIGHT="75" WIDTH="23" VPOS="1486" HPOS="898"/>
            <String HEIGHT="75" WIDTH="116" VPOS="1486" HPOS="828" CONTENT="à" ID="tl_20_4" STYLEREFS="FONT0"/>
            <SP HEIGHT="75" WIDTH="23" VPOS="1486" HPOS="944"/>
            <String HEIGHT="75" WIDTH="255" VPOS="1486" HPOS="874" CONTENT="Nantes," ID="tl_20_5" STYLEREFS="FONT0"/>
            <SP HEIGHT="75" WIDTH="23" VPOS="1486" HPOS="1130"/>
            <String HEIGHT="75" WIDTH="209" VPOS="1486" HPOS="1060" CONTENT="élève" ID="tl_20_6" STYLEREFS="FONT0"/>
            <SP HEIGHT="75" WIDTH="23" VPOS="1486" HPOS="1269"/>
            <String HEIGHT="75" WIDTH="139" VPOS="1486" HPOS="1199" CONTENT="de" ID="tl_20_7" STYLEREFS="FONT0"/>
            <SP HEIGHT="75" WIDTH="23" VPOS="1486" HPOS="1339"/>
            <String HEIGHT="75" WIDTH="162" VPOS="1486" HPOS="1269" CONTENT="MM." ID="tl_20_8" STYLEREFS="FONT0"/>
            <SP HEIGHT="75" WIDTH="23" VPOS="1486" HPOS="1432"/>
            <String HEIGHT="75" WIDTH="139" VPOS="1486" HPOS="1339" CONTENT="Alf." ID="tl_20_9" STYLEREFS="FONT0"/>
          </TextLine>
          <TextLine ID="tl_21" BASELINE="1603" HEIGHT="61" WIDTH="1052" VPOS="1542" HPOS="426">
            <String HEIGHT="61" WIDTH="215" VPOS="1542" HPOS="402" CONTENT="Leduc" ID="tl_21_1" STYLEREFS="FONT0"/>
            <SP HEIGHT="61" WIDTH="24" VPOS="1542" HPOS="617"/>
            <String HEIGHT="61" WIDTH="143" VPOS="1542" HPOS="546" CONTENT="et" ID="tl_21_2" STYLEREFS="FONT0"/>
            <SP HEIGHT="61" WIDTH="24" VPOS="1542" HPOS="689"/>
            <String HEIGHT="61" WIDTH="167" VPOS="1542" HPOS="617" CONTENT="Ch." ID="tl_21_3" STYLEREFS="FONT0"/>
            <SP HEIGHT="61" WIDTH="24" VPOS="1542" HPOS="785"/>
            <String HEIGHT="61" WIDTH="287" VPOS="1542" HPOS="713" CONTENT="Lebourg;" ID="tl_21_4" STYLEREFS="FONT0"/>
            <SP HEIGHT="61" WIDTH="24" VPOS="1542" HPOS="1000"/>
            <String HEIGHT="61" WIDTH="143" VPOS="1542" HPOS="928" CONTENT="3e" ID="tl_21_5" STYLEREFS="FONT0"/>
            <SP HEIGHT="61" WIDTH="24" VPOS="1542" HPOS="1072"/>
            <String HEIGHT="61" WIDTH="215" VPOS="1542" HPOS="1000" CONTENT="méd.," ID="tl_21_6" STYLEREFS="FONT0"/>
            <SP HEIGHT="61" WIDTH="24" VPOS="1542" HPOS="1215"/>
            <String HEIGHT="61" WIDTH="263" VPOS="1542" HPOS="1143" CONTENT="Rennes." ID="tl_21_7" STYLEREFS="FONT0"/>
            <SP HEIGHT="61" WIDTH="24" VPOS="1542" HPOS="1406"/>
            <String HEIGHT="61" WIDTH="120" VPOS="1542" HPOS="1335" CONTENT="—" ID="tl_21_8" STYLEREFS="FONT0"/>
            <SP HEIGHT="61" WIDTH="24" VPOS="1542" HPOS="1454"/>
            <String HEIGHT="61" WIDTH="120" VPOS="1542" HPOS="1358" CONTENT="Rua" ID="tl_21_9" STYLEREFS="FONT0"/>
          </TextLine>
          <TextLine ID="tl_22" BASELINE="1636" HEIGHT="51" WIDTH="572" VPOS="1585" HPOS="428">
            <String HEIGHT="51" WIDTH="127" VPOS="1585" HPOS="407" CONTENT="de" ID="tl_22_1" STYLEREFS="FONT0"/>
            <SP HEIGHT="51" WIDTH="21" VPOS="1585" HPOS="534"/>
            <String HEIGHT="51" WIDTH="127" VPOS="1585" HPOS="470" CONTENT="La" ID="tl_22_2" STYLEREFS="FONT0"/>
            <SP HEIGHT="51" WIDTH="21" VPOS="1585" HPOS="597"/>
            <String HEIGHT="51" WIDTH="297" VPOS="1585" HPOS="534" CONTENT="Chalotais," ID="tl_22_3" STYLEREFS="FONT0"/>
            <SP HEIGHT="51" WIDTH="21" VPOS="1585" HPOS="831"/>
            <String HEIGHT="51" WIDTH="127" VPOS="1585" HPOS="767" CONTENT="2," ID="tl_22_4" STYLEREFS="FONT0"/>
            <SP HEIGHT="51" WIDTH="21" VPOS="1585" HPOS="894"/>
            <String HEIGHT="51" WIDTH="191" VPOS="1585" HPOS="809" CONTENT="Nantes." ID="tl_22_5" STYLEREFS="FONT0"/>
          </TextLine>
        </TextBlock>
        <TextBlock ID="r_3_12" HEIGHT="49" WIDTH="699" VPOS="1647" HPOS="265">
          <TextLine ID="tl_23" BASELINE="1713" HEIGHT="82" WIDTH="712" VPOS="1631" HPOS="259">
            <String HEIGHT="82" WIDTH="260" VPOS="1631" HPOS="242" CONTENT="459" ID="tl_23_1" STYLEREFS="FONT1"/>
            <SP HEIGHT="82" WIDTH="17" VPOS="1631" HPOS="502"/>
            <String HEIGHT="82" WIDTH="104" VPOS="1631" HPOS="450" CONTENT="La" ID="tl_23_2" STYLEREFS="FONT0"/>
            <SP HEIGHT="82" WIDTH="17" VPOS="1631" HPOS="554"/>
            <String HEIGHT="82" WIDTH="174" VPOS="1631" HPOS="502" CONTENT="Loire," ID="tl_23_3" STYLEREFS="FONT0"/>
            <SP HEIGHT="82" WIDTH="17" VPOS="1631" HPOS="676"/>
            <String HEIGHT="82" WIDTH="87" VPOS="1631" HPOS="624" CONTENT="à" ID="tl_23_4" STYLEREFS="FONT0"/>
            <SP HEIGHT="82" WIDTH="17" VPOS="1631" HPOS="711"/>
            <String HEIGHT="82" WIDTH="174" VPOS="1631" HPOS="658" CONTENT="Nantes" ID="tl_23_5" STYLEREFS="FONT0"/>
            <SP HEIGHT="82" WIDTH="17" VPOS="1631" HPOS="832"/>
            <String HEIGHT="82" WIDTH="208" VPOS="1631" HPOS="763" CONTENT="(juillet)." ID="tl_23_6" STYLEREFS="FONT0"/>
          </TextLine>
        </TextBlock>
        <TextBlock ID="r_3_13" HEIGHT="50" WIDTH="913" VPOS="1705" HPOS="268">
          <TextLine ID="tl_24" BASELINE="1762" HEIGHT="67" WIDTH="927" VPOS="1695" HPOS="261">
            <String HEIGHT="67" WIDTH="278" VPOS="1695" HPOS="242" CONTENT="460" ID="tl_24_1" STYLEREFS="FONT1"/>
            <SP HEIGHT="67" WIDTH="19" VPOS="1695" HPOS="521"/>
            <String HEIGHT="67" WIDTH="111" VPOS="1695" HPOS="465" CONTENT="La" ID="tl_24_2" STYLEREFS="FONT0"/>
            <SP HEIGHT="67" WIDTH="19" VPOS="1695" HPOS="576"/>
            <String HEIGHT="67" WIDTH="148" VPOS="1695" HPOS="521" CONTENT="baie" ID="tl_24_3" STYLEREFS="FONT0"/>
            <SP HEIGHT="67" WIDTH="19" VPOS="1695" HPOS="669"/>
            <String HEIGHT="67" WIDTH="111" VPOS="1695" HPOS="613" CONTENT="du" ID="tl_24_4" STYLEREFS="FONT0"/>
            <SP HEIGHT="67" WIDTH="19" VPOS="1695" HPOS="725"/>
            <String HEIGHT="67" WIDTH="241" VPOS="1695" HPOS="669" CONTENT="Pouliguen" ID="tl_24_5" STYLEREFS="FONT0"/>
            <SP HEIGHT="67" WIDTH="19" VPOS="1695" HPOS="910"/>
            <String HEIGHT="67" WIDTH="111" VPOS="1695" HPOS="854" CONTENT="au" ID="tl_24_6" STYLEREFS="FONT0"/>
            <SP HEIGHT="67" WIDTH="19" VPOS="1695" HPOS="966"/>
            <String HEIGHT="67" WIDTH="185" VPOS="1695" HPOS="910" CONTENT="soleil" ID="tl_24_7" STYLEREFS="FONT0"/>
            <SP HEIGHT="67" WIDTH="19" VPOS="1695" HPOS="1095"/>
            <String HEIGHT="67" WIDTH="167" VPOS="1695" HPOS="1021" CONTENT="(août)." ID="tl_24_8" STYLEREFS="FONT0"/>
          </TextLine>
        </TextBlock>
        <TextBlock ID="r_3_14" HEIGHT="166" WIDTH="1081" VPOS="1781" HPOS="389">
          <TextLine ID="tl_25" BASELINE="1827" HEIGHT="58" WIDTH="1094" VPOS="1769" HPOS="382">
            <String HEIGHT="58" WIDTH="547" VPOS="1769" HPOS="356" CONTENT="MAUGENDRE-VILLERS" ID="tl_25_1" STYLEREFS="FONT0"/>
            <SP HEIGHT="58" WIDTH="26" VPOS="1769" HPOS="903"/>
            <String HEIGHT="58" WIDTH="365" VPOS="1769" HPOS="825" CONTENT="(Edouard)," ID="tl_25_2" STYLEREFS="FONT0"/>
            <SP HEIGHT="58" WIDTH="26" VPOS="1769" HPOS="1189"/>
            <String HEIGHT="58" WIDTH="156" VPOS="1769" HPOS="1111" CONTENT="né" ID="tl_25_3" STYLEREFS="FONT0"/>
            <SP HEIGHT="58" WIDTH="26" VPOS="1769" HPOS="1268"/>
            <String HEIGHT="58" WIDTH="130" VPOS="1769" HPOS="1189" CONTENT="à" ID="tl_25_4" STYLEREFS="FONT0"/>
            <SP HEIGHT="58" WIDTH="26" VPOS="1769" HPOS="1320"/>
            <String HEIGHT="58" WIDTH="260" VPOS="1769" HPOS="1216" CONTENT="Gournay" SUBS_TYPE="HypPart1" SUBS_CONTENT="Gournayen-Bray" ID="tl_25_5" STYLEREFS="FONT0"/>
            <HYP CONTENT="-"/>
          </TextLine>
          <TextLine ID="tl_26" BASELINE="1877" HEIGHT="54" WIDTH="1052" VPOS="1823" HPOS="423">
            <String HEIGHT="54" WIDTH="236" VPOS="1823" HPOS="402" CONTENT="en-Bray" SUBS_TYPE="HypPart2" SUBS_CONTENT="Gournayen-Bray" ID="tl_26_1" STYLEREFS="FONT0"/>
            <SP HEIGHT="54" WIDTH="21" VPOS="1823" HPOS="638"/>
            <String HEIGHT="54" WIDTH="494" VPOS="1823" HPOS="573" CONTENT="(Seine-Inférieure)," ID="tl_26_2" STYLEREFS="FONT0"/>
            <SP HEIGHT="54" WIDTH="21" VPOS="1823" HPOS="1067"/>
            <String HEIGHT="54" WIDTH="193" VPOS="1823" HPOS="1003" CONTENT="élève" ID="tl_26_3" STYLEREFS="FONT0"/>
            <SP HEIGHT="54" WIDTH="21" VPOS="1823" HPOS="1196"/>
            <String HEIGHT="54" WIDTH="129" VPOS="1823" HPOS="1131" CONTENT="de" ID="tl_26_4" STYLEREFS="FONT0"/>
            <SP HEIGHT="54" WIDTH="21" VPOS="1823" HPOS="1260"/>
            <String HEIGHT="54" WIDTH="215" VPOS="1823" HPOS="1196" CONTENT="Dumont" ID="tl_26_5" STYLEREFS="FONT0"/>
            <SP HEIGHT="54" WIDTH="21" VPOS="1823" HPOS="1411"/>
            <String HEIGHT="54" WIDTH="129" VPOS="1823" HPOS="1346" CONTENT="et" ID="tl_26_6" STYLEREFS="FONT0"/>
            <SP HEIGHT="54" WIDTH="21" VPOS="1823" HPOS="1475"/>
            <String HEIGHT="54" WIDTH="86" VPOS="1823" HPOS="1389" CONTENT="de" ID="tl_26_7" STYLEREFS="FONT0"/>
          </TextLine>
          <TextLine ID="tl_27" BASELINE="1915" HEIGHT="57" WIDTH="1050" VPOS="1858" HPOS="424">
            <String HEIGHT="57" WIDTH="432" VPOS="1858" HPOS="403" CONTENT="Carrier-Belleuse;" ID="tl_27_1" STYLEREFS="FONT0"/>
            <SP HEIGHT="57" WIDTH="21" VPOS="1858" HPOS="836"/>
            <String HEIGHT="57" WIDTH="124" VPOS="1858" HPOS="774" CONTENT="M." ID="tl_27_2" STYLEREFS="FONT0"/>
            <SP HEIGHT="57" WIDTH="21" VPOS="1858" HPOS="898"/>
            <String HEIGHT="57" WIDTH="144" VPOS="1858" HPOS="836" CONTENT="H.," ID="tl_27_3" STYLEREFS="FONT0"/>
            <SP HEIGHT="57" WIDTH="21" VPOS="1858" HPOS="980"/>
            <String HEIGHT="57" WIDTH="206" VPOS="1858" HPOS="918" CONTENT="Paris;" ID="tl_27_4" STYLEREFS="FONT0"/>
            <SP HEIGHT="57" WIDTH="21" VPOS="1858" HPOS="1124"/>
            <String HEIGHT="57" WIDTH="165" VPOS="1858" HPOS="1062" CONTENT="méd." ID="tl_27_5" STYLEREFS="FONT0"/>
            <SP HEIGHT="57" WIDTH="21" VPOS="1858" HPOS="1227"/>
            <String HEIGHT="57" WIDTH="124" VPOS="1858" HPOS="1165" CONTENT="2e" ID="tl_27_6" STYLEREFS="FONT0"/>
            <SP HEIGHT="57" WIDTH="21" VPOS="1858" HPOS="1289"/>
            <String HEIGHT="57" WIDTH="165" VPOS="1858" HPOS="1227" CONTENT="cl.," ID="tl_27_7" STYLEREFS="FONT0"/>
            <SP HEIGHT="57" WIDTH="21" VPOS="1858" HPOS="1392"/>
            <String HEIGHT="57" WIDTH="124" VPOS="1858" HPOS="1330" CONTENT="E." ID="tl_27_8" STYLEREFS="FONT0"/>
            <SP HEIGHT="57" WIDTH="21" VPOS="1858" HPOS="1453"/>
            <String HEIGHT="57" WIDTH="103" VPOS="1858" HPOS="1371" CONTENT="U.," ID="tl_27_9" STYLEREFS="FONT0"/>
          </TextLine>
          <TextLine ID="tl_28" BASELINE="1969" HEIGHT="69" WIDTH="825" VPOS="1900" HPOS="424">
            <String HEIGHT="69" WIDTH="201" VPOS="1900" HPOS="402" CONTENT="Nice." ID="tl_28_1" STYLEREFS="FONT0"/>
            <SP HEIGHT="69" WIDTH="22" VPOS="1900" HPOS="602"/>
            <String HEIGHT="69" WIDTH="111" VPOS="1900" HPOS="535" CONTENT="—" ID="tl_28_2" STYLEREFS="FONT0"/>
            <SP HEIGHT="69" WIDTH="22" VPOS="1900" HPOS="647"/>
            <String HEIGHT="69" WIDTH="111" VPOS="1900" HPOS="580" CONTENT="A" ID="tl_28_3" STYLEREFS="FONT0"/>
            <SP HEIGHT="69" WIDTH="22" VPOS="1900" HPOS="692"/>
            <String HEIGHT="69" WIDTH="312" VPOS="1900" HPOS="625" CONTENT="l’Académie" ID="tl_28_4" STYLEREFS="FONT0"/>
            <SP HEIGHT="69" WIDTH="22" VPOS="1900" HPOS="937"/>
            <String HEIGHT="69" WIDTH="134" VPOS="1900" HPOS="870" CONTENT="de" ID="tl_28_5" STYLEREFS="FONT0"/>
            <SP HEIGHT="69" WIDTH="22" VPOS="1900" HPOS="1004"/>
            <String HEIGHT="69" WIDTH="334" VPOS="1900" HPOS="915" CONTENT="Valenciennes." ID="tl_28_6" STYLEREFS="FONT0"/>
          </TextLine>
        </TextBlock>
        <TextBlock ID="r_3_15" HEIGHT="38" WIDTH="412" VPOS="1963" HPOS="265">
          <TextLine ID="tl_29" BASELINE="2011" HEIGHT="76" WIDTH="425" VPOS="1935" HPOS="258">
            <String HEIGHT="76" WIDTH="255" VPOS="1935" HPOS="241" CONTENT="461" ID="tl_29_1" STYLEREFS="FONT1"/>
            <SP HEIGHT="76" WIDTH="17" VPOS="1935" HPOS="496"/>
            <String HEIGHT="76" WIDTH="170" VPOS="1935" HPOS="445" CONTENT="Nature" ID="tl_29_2" STYLEREFS="FONT0"/>
            <SP HEIGHT="76" WIDTH="17" VPOS="1935" HPOS="615"/>
            <String HEIGHT="76" WIDTH="136" VPOS="1935" HPOS="547" CONTENT="morte." ID="tl_29_3" STYLEREFS="FONT0"/>
          </TextLine>
        </TextBlock>
        <TextBlock ID="r_3_16" HEIGHT="47" WIDTH="464" VPOS="2025" HPOS="962">
          <TextLine ID="tl_30" BASELINE="2089" HEIGHT="93" WIDTH="478" VPOS="1996" HPOS="955">
            <String HEIGHT="93" WIDTH="198" VPOS="1996" HPOS="939" CONTENT="(Voir" ID="tl_30_1" STYLEREFS="FONT2"/>
            <SP HEIGHT="93" WIDTH="16" VPOS="1996" HPOS="1136"/>
            <String HEIGHT="93" WIDTH="82" VPOS="1996" HPOS="1087" CONTENT="à" ID="tl_30_2" STYLEREFS="FONT2"/>
            <SP HEIGHT="93" WIDTH="16" VPOS="1996" HPOS="1169"/>
            <String HEIGHT="93" WIDTH="99" VPOS="1996" HPOS="1120" CONTENT="la" ID="tl_30_3" STYLEREFS="FONT2"/>
            <SP HEIGHT="93" WIDTH="16" VPOS="1996" HPOS="1219"/>
            <String HEIGHT="93" WIDTH="280" VPOS="1996" HPOS="1153" CONTENT="Sculpture)" ID="tl_30_4" STYLEREFS="FONT2"/>
          </TextLine>
        </TextBlock>
        <TextBlock ID="r_3_17" HEIGHT="130" WIDTH="1075" VPOS="2097" HPOS="392">
          <TextLine ID="tl_31" BASELINE="2151" HEIGHT="61" WIDTH="1088" VPOS="2090" HPOS="385">
            <String HEIGHT="61" WIDTH="346" VPOS="2090" HPOS="360" CONTENT="MAUPASSANT" ID="tl_31_1" STYLEREFS="FONT0"/>
            <SP HEIGHT="61" WIDTH="25" VPOS="2090" HPOS="706"/>
            <String HEIGHT="61" WIDTH="297" VPOS="2090" HPOS="632" CONTENT="(Gustave" ID="tl_31_2" STYLEREFS="FONT0"/>
            <SP HEIGHT="61" WIDTH="25" VPOS="2090" HPOS="929"/>
            <String HEIGHT="61" WIDTH="198" VPOS="2090" HPOS="855" CONTENT="de)," ID="tl_31_3" STYLEREFS="FONT0"/>
            <SP HEIGHT="61" WIDTH="25" VPOS="2090" HPOS="1053"/>
            <String HEIGHT="61" WIDTH="148" VPOS="2090" HPOS="978" CONTENT="né" ID="tl_31_4" STYLEREFS="FONT0"/>
            <SP HEIGHT="61" WIDTH="25" VPOS="2090" HPOS="1127"/>
            <String HEIGHT="61" WIDTH="124" VPOS="2090" HPOS="1053" CONTENT="à" ID="tl_31_5" STYLEREFS="FONT0"/>
            <SP HEIGHT="61" WIDTH="25" VPOS="2090" HPOS="1176"/>
            <String HEIGHT="61" WIDTH="247" VPOS="2090" HPOS="1102" CONTENT="Bernay" ID="tl_31_6" STYLEREFS="FONT0"/>
            <SP HEIGHT="61" WIDTH="25" VPOS="2090" HPOS="1349"/>
            <String HEIGHT="61" WIDTH="223" VPOS="2090" HPOS="1250" CONTENT="(Eure)," ID="tl_31_7" STYLEREFS="FONT0"/>
          </TextLine>
          <TextLine ID="tl_32" BASELINE="2191" HEIGHT="53" WIDTH="1052" VPOS="2138" HPOS="422">
            <String HEIGHT="53" WIDTH="189" VPOS="2138" HPOS="401" CONTENT="élève" ID="tl_32_1" STYLEREFS="FONT0"/>
            <SP HEIGHT="53" WIDTH="21" VPOS="2138" HPOS="590"/>
            <String HEIGHT="53" WIDTH="126" VPOS="2138" HPOS="527" CONTENT="de" ID="tl_32_2" STYLEREFS="FONT0"/>
            <SP HEIGHT="53" WIDTH="21" VPOS="2138" HPOS="653"/>
            <String HEIGHT="53" WIDTH="126" VPOS="2138" HPOS="590" CONTENT="H." ID="tl_32_3" STYLEREFS="FONT0"/>
            <SP HEIGHT="53" WIDTH="21" VPOS="2138" HPOS="717"/>
            <String HEIGHT="53" WIDTH="252" VPOS="2138" HPOS="653" CONTENT="Bellangé" ID="tl_32_4" STYLEREFS="FONT0"/>
            <SP HEIGHT="53" WIDTH="21" VPOS="2138" HPOS="906"/>
            <String HEIGHT="53" WIDTH="126" VPOS="2138" HPOS="843" CONTENT="et" ID="tl_32_5" STYLEREFS="FONT0"/>
            <SP HEIGHT="53" WIDTH="21" VPOS="2138" HPOS="969"/>
            <String HEIGHT="53" WIDTH="126" VPOS="2138" HPOS="906" CONTENT="de" ID="tl_32_6" STYLEREFS="FONT0"/>
            <SP HEIGHT="53" WIDTH="21" VPOS="2138" HPOS="1032"/>
            <String HEIGHT="53" WIDTH="126" VPOS="2138" HPOS="969" CONTENT="L." ID="tl_32_7" STYLEREFS="FONT0"/>
            <SP HEIGHT="53" WIDTH="21" VPOS="2138" HPOS="1095"/>
            <String HEIGHT="53" WIDTH="252" VPOS="2138" HPOS="1032" CONTENT="Cogniet." ID="tl_32_8" STYLEREFS="FONT0"/>
            <SP HEIGHT="53" WIDTH="21" VPOS="2138" HPOS="1285"/>
            <String HEIGHT="53" WIDTH="105" VPOS="2138" HPOS="1222" CONTENT="—" ID="tl_32_9" STYLEREFS="FONT0"/>
            <SP HEIGHT="53" WIDTH="21" VPOS="2138" HPOS="1327"/>
            <String HEIGHT="53" WIDTH="231" VPOS="2138" HPOS="1243" CONTENT="Boulevard" ID="tl_32_10" STYLEREFS="FONT0"/>
          </TextLine>
          <TextLine ID="tl_33" BASELINE="2243" HEIGHT="65" WIDTH="548" VPOS="2178" HPOS="421">
            <String HEIGHT="65" WIDTH="142" VPOS="2178" HPOS="401" CONTENT="des" ID="tl_33_1" STYLEREFS="FONT0"/>
            <SP HEIGHT="65" WIDTH="20" VPOS="2178" HPOS="543"/>
            <String HEIGHT="65" WIDTH="325" VPOS="2178" HPOS="482" CONTENT="Batignolles," ID="tl_33_2" STYLEREFS="FONT0"/>
            <SP HEIGHT="65" WIDTH="20" VPOS="2178" HPOS="807"/>
            <String HEIGHT="65" WIDTH="142" VPOS="2178" HPOS="746" CONTENT="72," ID="tl_33_3" STYLEREFS="FONT0"/>
            <SP HEIGHT="65" WIDTH="20" VPOS="2178" HPOS="888"/>
            <String HEIGHT="65" WIDTH="162" VPOS="2178" HPOS="807" CONTENT="Paris." ID="tl_33_4" STYLEREFS="FONT0"/>
          </TextLine>
        </TextBlock>
        <TextBlock ID="r_3_18" HEIGHT="49" WIDTH="680" VPOS="2238" HPOS="261">
          <TextLine ID="tl_34" BASELINE="2297" HEIGHT="89" WIDTH="694" VPOS="2208" HPOS="254">
            <String HEIGHT="89" WIDTH="274" VPOS="2208" HPOS="236" CONTENT="462" ID="tl_34_1" STYLEREFS="FONT1"/>
            <SP HEIGHT="89" WIDTH="18" VPOS="2208" HPOS="510"/>
            <String HEIGHT="89" WIDTH="201" VPOS="2208" HPOS="455" CONTENT="Antibes" ID="tl_34_2" STYLEREFS="FONT0"/>
            <SP HEIGHT="89" WIDTH="18" VPOS="2208" HPOS="656"/>
            <String HEIGHT="89" WIDTH="365" VPOS="2208" HPOS="583" CONTENT="(Alpes" ID="tl_34_3" STYLEREFS="FONT0"/>
          </TextLine>
        </TextBlock>
        <TextBlock ID="r_3_19" HEIGHT="52" WIDTH="1205" VPOS="2296" HPOS="260">
          <TextLine ID="tl_35" BASELINE="2356" HEIGHT="61" WIDTH="1218" VPOS="2295" HPOS="253">
            <String HEIGHT="61" WIDTH="300" VPOS="2295" HPOS="233" CONTENT="463" ID="tl_35_1" STYLEREFS="FONT1"/>
            <SP HEIGHT="61" WIDTH="20" VPOS="2295" HPOS="533"/>
            <String HEIGHT="61" WIDTH="200" VPOS="2295" HPOS="473" CONTENT="Entrée" ID="tl_35_2" STYLEREFS="FONT0"/>
            <SP HEIGHT="61" WIDTH="20" VPOS="2295" HPOS="672"/>
            <String HEIGHT="61" WIDTH="120" VPOS="2295" HPOS="612" CONTENT="de" ID="tl_35_3" STYLEREFS="FONT0"/>
            <SP HEIGHT="61" WIDTH="20" VPOS="2295" HPOS="732"/>
            <String HEIGHT="61" WIDTH="200" VPOS="2295" HPOS="672" CONTENT="l’aire" ID="tl_35_4" STYLEREFS="FONT0"/>
            <SP HEIGHT="61" WIDTH="20" VPOS="2295" HPOS="872"/>
            <String HEIGHT="61" WIDTH="120" VPOS="2295" HPOS="812" CONTENT="de" ID="tl_35_5" STYLEREFS="FONT0"/>
            <SP HEIGHT="61" WIDTH="20" VPOS="2295" HPOS="932"/>
            <String HEIGHT="61" WIDTH="120" VPOS="2295" HPOS="872" CONTENT="la" ID="tl_35_6" STYLEREFS="FONT0"/>
            <SP HEIGHT="61" WIDTH="20" VPOS="2295" HPOS="992"/>
            <String HEIGHT="61" WIDTH="180" VPOS="2295" HPOS="932" CONTENT="ferme" ID="tl_35_7" STYLEREFS="FONT0"/>
            <SP HEIGHT="61" WIDTH="20" VPOS="2295" HPOS="1112"/>
            <String HEIGHT="61" WIDTH="120" VPOS="2295" HPOS="1052" CONTENT="du" ID="tl_35_8" STYLEREFS="FONT0"/>
            <SP HEIGHT="61" WIDTH="20" VPOS="2295" HPOS="1171"/>
            <String HEIGHT="61" WIDTH="260" VPOS="2295" HPOS="1112" CONTENT="Grand-Pin" ID="tl_35_9" STYLEREFS="FONT0"/>
            <SP HEIGHT="61" WIDTH="20" VPOS="2295" HPOS="1371"/>
            <String HEIGHT="61" WIDTH="180" VPOS="2295" HPOS="1291" CONTENT="(Alpes" ID="tl_35_10" STYLEREFS="FONT0"/>
          </TextLine>
        </TextBlock>
        <TextBlock ID="r_3_20" HEIGHT="44" WIDTH="233" VPOS="2341" HPOS="424">
          <TextLine ID="tl_36" BASELINE="2390" HEIGHT="59" WIDTH="246" VPOS="2331" HPOS="417">
            <String HEIGHT="59" WIDTH="291" VPOS="2331" HPOS="372" CONTENT="Maritimes)." ID="tl_36_1" STYLEREFS="FONT0"/>
          </TextLine>
        </TextBlock>
        <TextBlock ID="r_3_21" HEIGHT="99" WIDTH="1083" VPOS="2407" HPOS="383">
          <TextLine ID="tl_37" BASELINE="2462" HEIGHT="57" WIDTH="1096" VPOS="2405" HPOS="377">
            <String HEIGHT="57" WIDTH="199" VPOS="2405" HPOS="352" CONTENT="MÈGE" ID="tl_37_1" STYLEREFS="FONT0"/>
            <SP HEIGHT="57" WIDTH="25" VPOS="2405" HPOS="551"/>
            <String HEIGHT="57" WIDTH="149" VPOS="2405" HPOS="477" CONTENT="DU" ID="tl_37_2" STYLEREFS="FONT0"/>
            <SP HEIGHT="57" WIDTH="25" VPOS="2405" HPOS="626"/>
            <String HEIGHT="57" WIDTH="274" VPOS="2405" HPOS="551" CONTENT="MOLMONT" ID="tl_37_3" STYLEREFS="FONT0"/>
            <SP HEIGHT="57" WIDTH="25" VPOS="2405" HPOS="825"/>
            <String HEIGHT="57" WIDTH="274" VPOS="2405" HPOS="751" CONTENT="(René)," ID="tl_37_4" STYLEREFS="FONT0"/>
            <SP HEIGHT="57" WIDTH="25" VPOS="2405" HPOS="1025"/>
            <String HEIGHT="57" WIDTH="149" VPOS="2405" HPOS="950" CONTENT="né" ID="tl_37_5" STYLEREFS="FONT0"/>
            <SP HEIGHT="57" WIDTH="25" VPOS="2405" HPOS="1099"/>
            <String HEIGHT="57" WIDTH="125" VPOS="2405" HPOS="1025" CONTENT="à" ID="tl_37_6" STYLEREFS="FONT0"/>
            <SP HEIGHT="57" WIDTH="25" VPOS="2405" HPOS="1149"/>
            <String HEIGHT="57" WIDTH="249" VPOS="2405" HPOS="1074" CONTENT="Paris," ID="tl_37_7" STYLEREFS="FONT0"/>
            <SP HEIGHT="57" WIDTH="25" VPOS="2405" HPOS="1324"/>
            <String HEIGHT="57" WIDTH="224" VPOS="2405" HPOS="1249" CONTENT="élève" ID="tl_37_8" STYLEREFS="FONT0"/>
            <SP HEIGHT="57" WIDTH="25" VPOS="2405" HPOS="1473"/>
            <String HEIGHT="57" WIDTH="100" VPOS="2405" HPOS="1373" CONTENT="de" ID="tl_37_9" STYLEREFS="FONT0"/>
          </TextLine>
          <TextLine ID="tl_38" BASELINE="2522" HEIGHT="68" WIDTH="1052" VPOS="2454" HPOS="418">
            <String HEIGHT="68" WIDTH="124" VPOS="2454" HPOS="397" CONTENT="M." ID="tl_38_1" STYLEREFS="FONT0"/>
            <SP HEIGHT="68" WIDTH="21" VPOS="2454" HPOS="521"/>
            <String HEIGHT="68" WIDTH="186" VPOS="2454" HPOS="459" CONTENT="J.-P." ID="tl_38_2" STYLEREFS="FONT0"/>
            <SP HEIGHT="68" WIDTH="21" VPOS="2454" HPOS="645"/>
            <String HEIGHT="68" WIDTH="248" VPOS="2454" HPOS="583" CONTENT="Laurens." ID="tl_38_3" STYLEREFS="FONT0"/>
            <SP HEIGHT="68" WIDTH="21" VPOS="2454" HPOS="831"/>
            <String HEIGHT="68" WIDTH="103" VPOS="2454" HPOS="769" CONTENT="—" ID="tl_38_4" STYLEREFS="FONT0"/>
            <SP HEIGHT="68" WIDTH="21" VPOS="2454" HPOS="872"/>
            <String HEIGHT="68" WIDTH="144" VPOS="2454" HPOS="810" CONTENT="Rue" ID="tl_38_5" STYLEREFS="FONT0"/>
            <SP HEIGHT="68" WIDTH="21" VPOS="2454" HPOS="954"/>
            <String HEIGHT="68" WIDTH="433" VPOS="2454" HPOS="892" CONTENT="Aumont-Thiéville," ID="tl_38_6" STYLEREFS="FONT0"/>
            <SP HEIGHT="68" WIDTH="21" VPOS="2454" HPOS="1326"/>
            <String HEIGHT="68" WIDTH="124" VPOS="2454" HPOS="1264" CONTENT="6," ID="tl_38_7" STYLEREFS="FONT0"/>
            <SP HEIGHT="68" WIDTH="21" VPOS="2454" HPOS="1387"/>
            <String HEIGHT="68" WIDTH="165" VPOS="2454" HPOS="1305" CONTENT="Paris." ID="tl_38_8" STYLEREFS="FONT0"/>
          </TextLine>
        </TextBlock>
        <TextBlock ID="r_3_22" HEIGHT="46" WIDTH="1165" VPOS="2515" HPOS="259">
          <TextLine ID="tl_39" BASELINE="2580" HEIGHT="87" WIDTH="1178" VPOS="2493" HPOS="252">
            <String HEIGHT="87" WIDTH="491" VPOS="2493" HPOS="219" CONTENT="464" ID="tl_39_1" STYLEREFS="FONT1"/>
            <SP HEIGHT="87" WIDTH="33" VPOS="2493" HPOS="710"/>
            <String HEIGHT="87" WIDTH="229" VPOS="2493" HPOS="612" CONTENT="Aux" ID="tl_39_2" STYLEREFS="FONT0"/>
            <SP HEIGHT="87" WIDTH="33" VPOS="2493" HPOS="841"/>
            <String HEIGHT="87" WIDTH="295" VPOS="2493" HPOS="743" CONTENT="bords" ID="tl_39_3" STYLEREFS="FONT0"/>
            <SP HEIGHT="87" WIDTH="33" VPOS="2493" HPOS="1037"/>
            <String HEIGHT="87" WIDTH="196" VPOS="2493" HPOS="939" CONTENT="de" ID="tl_39_4" STYLEREFS="FONT0"/>
            <SP HEIGHT="87" WIDTH="33" VPOS="2493" HPOS="1136"/>
            <String HEIGHT="87" WIDTH="425" VPOS="2493" HPOS="1037" CONTENT="l’Yvette." ID="tl_39_5" STYLEREFS="FONT0"/>
            <SP HEIGHT="87" WIDTH="33" VPOS="2493" HPOS="1463"/>
            <String HEIGHT="87" WIDTH="98" VPOS="2493" HPOS="1332" CONTENT="8" ID="tl_39_6" STYLEREFS="FONT0"/>
          </TextLine>
        </TextBlock>
        <GraphicalElement ID="r_4" HEIGHT="15" WIDTH="578" VPOS="121" HPOS="199"/>
        <GraphicalElement ID="r_5" HEIGHT="7" WIDTH="505" VPOS="127" HPOS="824"/>
        <GraphicalElement ID="r_6" HEIGHT="3" WIDTH="151" VPOS="134" HPOS="1443"/>
        <GraphicalElement ID="r_7" HEIGHT="12" WIDTH="439" VPOS="130" HPOS="741"/>
        <GraphicalElement ID="r_8" HEIGHT="13" WIDTH="534" VPOS="139" HPOS="1203"/>
        <GraphicalElement ID="r_9" HEIGHT="35" WIDTH="1388" VPOS="2959" HPOS="0"/>
        <GraphicalElement ID="r_10" HEIGHT="12" WIDTH="347" VPOS="2987" HPOS="1388"/>
        <GraphicalElement ID="r_11" HEIGHT="772" WIDTH="16" VPOS="2124" HPOS="30"/>
        <GraphicalElement ID="r_12" HEIGHT="279" WIDTH="13" VPOS="338" HPOS="50"/>
        <GraphicalElement ID="r_13" HEIGHT="506" WIDTH="9" VPOS="1554" HPOS="43"/>
        <GraphicalElement ID="r_14" HEIGHT="164" WIDTH="12" VPOS="132" HPOS="57"/>
        <GraphicalElement ID="r_15" HEIGHT="275" WIDTH="7" VPOS="1086" HPOS="49"/>
        <GraphicalElement ID="r_16" HEIGHT="1817" WIDTH="34" VPOS="1169" HPOS="1749"/>
        <GraphicalElement ID="r_17" HEIGHT="1018" WIDTH="22" VPOS="151" HPOS="1776"/>
      </PrintSpace>
    </Page>
  </Layout>
</alto>
