1998 3149
680 415 279 71 PEINTURE.

1343 418 110 62 69

333 525 177 66 ROGER
451 525 177 66 (Mlle
569 525 216 66 Marie),
727 525 138 66 née
805 525 98 66 à
845 525 197 66 Paris,
982 525 177 66 élève
1100 525 118 66 de
1159 525 216 66 l’Ecole
1297 525 157 66 régio-

375 573 169 58 nale
480 573 148 58 des
565 573 317 58 Beaux-Arts,
818 573 127 58 de
882 573 127 58 M.
945 573 190 58 Lebel
1072 573 127 58 et
1135 573 127 58 de
1199 573 169 58 Mlle
1283 573 169 58 Jumel.

373 626 110 46 —
417 626 155 46 Rue
505 626 133 46 de
572 626 331 46 l’Ecureuil,
837 626 155 46 14,
903 626 177 46 Rouen.

208 662 288 84 581
439 662 192 84 Rouen,
573 662 115 84 vu
631 662 115 84 de
689 662 115 84 la
746 662 173 84 route
862 662 173 84 neuve
977 662 115 84 de
1016 662 288 84 Saint

212 751 244 79 582
407 751 179 79 Cerises
521 751 163 79 (étude).

931 782 204 87 (Voir
1084 782 119 87 aux
1135 782 254 87 Dessins)

332 878 195 67 ROOK
453 878 170 67 (F.
551 878 292 67 Edward),
770 878 146 67 né
843 878 122 67 à
891 878 292 67 New-York
1086 878 365 67 (Etats

375 948 194 44 élève
505 948 129 44 de
569 948 129 44 M.
634 948 129 44 J.
699 948 259 44 Lefebvre
893 948 129 44 et
957 948 129 44 Le
1022 948 302 44 Poittevin.
1259 948 108 44 —
1302 948 151 44 Rue
1367 948 86 44 de

375 978 315 74 Miromesnil,
627 978 147 74 51,
690 978 168 74 Paris.

215 1052 255 60 583
419 1052 204 60 Derrière
571 1052 102 60 la
605 1052 136 60 ferme.

337 1149 176 49 ROTA
447 1149 308 49 (Giovani).
689 1149 110 49 —
733 1149 286 49 Boulevard
952 1149 242 49 Clichy,
1128 1149 154 49 75,
1194 1149 176 49 Paris.

213 1196 264 72 584
425 1196 141 72 Dans
513 1196 229 72 l’attente
689 1196 123 72 des
742 1196 176 72 maîtres.

332 1295 202 67 ROUCH
466 1295 202 67 (Mlle
601 1295 314 67 Caroline),
847 1295 157 67 née
937 1295 112 67 à
982 1295 224 67 Paris,
1139 1295 202 67 élève
1274 1295 135 67 de
1318 1295 135 67 Bon-

374 1339 287 54 negrâce;
590 1339 192 54 méd.
709 1339 240 54 d’arg.
877 1339 144 54 et
949 1339 120 54 3
997 1339 192 54 méd.
1117 1339 144 54 de
1189 1339 192 54 br.,
1284 1339 168 54 Ecole

379 1393 299 64 nationale.
614 1393 107 64 —
656 1393 149 64 Rue
742 1393 278 64 Durantin,
955 1393 149 64 10,
1019 1393 171 64 Paris.

218 1444 220 71 585
380 1444 132 71 Fleurs.

332 1532 262 64 ROUSSIN
523 1532 334 64 (Georges),
785 1532 143 64 né
857 1532 119 64 à
905 1532 358 64 Saint-Denis
1191 1532 191 64 (île
1310 1532 143 64 de
1358 1532 95 64 la

378 1580 279 49 Réunion),
592 1580 193 49 élève
721 1580 129 49 de
785 1580 150 49 MM.
871 1580 236 49 Cabanel
1043 1580 129 49 et
1107 1580 129 49 A.
1172 1580 236 49 Millet;
1322 1580 129 49 méd.

380 1627 115 47 de
437 1627 191 47 verm.,
571 1627 191 47 Rouen;
705 1627 153 47 méd.
801 1627 191 47 d’arg.
935 1627 134 47 1re
1011 1627 115 47 et
1068 1627 115 47 2e
1126 1627 153 47 cl.,
1202 1627 249 47 Versailles.

379 1668 105 48 —
421 1668 231 48 Passage
589 1668 252 48 Gourdon,
779 1668 105 48 6
821 1668 210 48 (place
968 1668 400 48 Saint-Jacques),
1284 1668 168 48 Paris.

220 1722 234 88 586
392 1722 203 88 Mélancolie.

217 1798 237 78 587
407 1798 95 78 Au
439 1798 142 78 jardin.

337 1897 190 50 ROUX
456 1897 261 50 (Paul),
646 1897 142 50 né
717 1897 119 50 à
764 1897 237 50 Paris,
930 1897 213 50 élève
1073 1897 142 50 de
1144 1897 166 50 MM.
1239 1897 142 50 L.
1286 1897 166 50 Roux,

381 1941 241 54 Cabanel
556 1941 131 54 et
622 1941 328 54 Harpignies;
884 1941 131 54 A.
950 1941 131 54 g;
1016 1941 175 54 méd.
1125 1941 131 54 3e
1191 1941 175 54 cl.,
1278 1941 175 54 Dijon,

380 1982 197 53 1883;
511 1982 175 53 méd.
621 1982 153 53 1re
709 1982 175 53 cl.,
818 1982 569 53 Saint-Germain-en-Laye,
1300 1982 153 53 1879;

383 2020 178 58 méd.
494 2020 134 58 de
561 2020 156 58 br.
650 2020 223 58 (blanc
806 2020 134 58 et
873 2020 223 58 noir),
1029 2020 201 58 1886;
1163 2020 178 58 méd.
1275 2020 134 58 2e
1319 2020 134 58 cl.,

385 2067 234 70 Amiens,
555 2067 191 70 1887.
682 2067 106 70 —
725 2067 149 70 Rue
810 2067 255 70 Pigalle,
1001 2067 149 70 21,
1065 2067 170 70 Paris.

218 2129 279 74 588
442 2129 112 74 Le
497 2129 205 74 château
646 2129 112 74 de
702 2129 167 74 Brest
814 2129 112 74 et
870 2129 112 74 la
925 2129 130 74 vue
1000 2129 112 74 de
1056 2129 112 74 la
1093 2129 130 74 rade.

338 2216 183 60 SAIN
452 2216 251 60 (Paul),
635 2216 137 60 né
703 2216 114 60 à
749 2216 274 60 Avignon,
954 2216 205 60 élève
1091 2216 137 60 de
1159 2216 160 60 MM.
1228 2216 228 60 Guilbert

383 2265 243 54 d’Anelle
565 2265 121 54 et
625 2265 222 54 Gérôme;
787 2265 121 54 M.
848 2265 141 54 H.,
928 2265 202 54 Paris,
1070 2265 182 54 1883,
1191 2265 162 54 méd.
1292 2265 121 54 3e
1333 2265 121 54 cl.,

380 2312 207 56 Paris,
525 2312 186 56 1886;
649 2312 165 56 méd.
752 2312 124 56 et
814 2312 165 56 dip.
918 2312 207 56 d’hon.
1062 2312 124 56 en
1124 2312 269 56 province;
1331 2312 124 56 A.
1372 2312 83 56 g.

384 2350 111 55 —
428 2350 155 55 Rue
517 2350 133 55 du
583 2350 244 55 Dragon,
761 2350 155 55 33,
828 2350 177 55 Paris.

220 2425 274 58 589
439 2425 128 58 Sur
512 2425 128 58 les
586 2425 201 58 coteaux
732 2425 91 58 à
769 2425 201 58 Crosnes
897 2425 329 58 (Seine

220 2479 269 87 590
436 2479 216 87 Environs
597 2479 198 87 d’Orsay
741 2479 198 87 (vallée
885 2479 108 87 de
920 2479 216 87 l’Yvette).
