1955 3149
421 432 110 57 70

919 430 273 58 PEINTURE.

578 518 380 83 SAINT-MARCEL
887 518 451 83 (Charles-Edm.),
1267 518 143 83 né
1339 518 119 83 à
1386 518 238 83 Paris,
1529 518 166 83 élève

619 586 143 51 de
691 586 143 51 M.
762 586 143 51 E.
834 586 334 51 Delacroix;
1096 586 143 51 M.
1168 586 167 51 H.,
1263 586 238 51 Paris,
1430 586 215 51 1848.
1549 586 143 51 méd.

623 638 206 40 d’hon.
768 638 124 40 au
829 638 247 40 concours
1015 638 247 40 régional
1200 638 124 40 de
1262 638 206 40 Melun;
1406 638 185 40 méd.,
1509 638 185 40 Nantes,

622 664 216 65 Dijon.
774 664 108 65 —
817 664 152 65 Rue
904 664 346 65 Saint-Merry,
1185 664 173 65 201,
1272 664 346 65 Fontainebleau.

586 730 249 62 591
786 730 183 62 Paysage
918 730 116 62 (le
985 730 183 62 sentier
1117 730 100 62 du
1167 730 232 62 chasseur),
1333 730 166 62 automne.

590 782 227 69 592
771 782 166 69 Paysage
892 782 151 69 (chute
998 782 91 69 du
1028 782 106 69 Loing

603 831 227 76 et

1118 770 134 73 au
1185 770 246 73 barrage
1363 770 112 73 à
1408 770 179 73 Grez
1497 770 201 73 (Seine-

1193 850 206 78 (Voir
1348 850 120 78 aux
1399 850 258 78 Dessins)

582 912 211 85 SALLES
729 912 253 85 (Jules),
919 912 126 85 né
982 912 105 85 à
1025 912 211 85 Nîmes,
1172 912 190 85 élève
1299 912 126 85 de
1362 912 126 85 P.
1425 912 295 85 Delaroche.
1636 912 63 85 —

627 976 149 76 Rue
712 976 255 76 Blanche,
903 976 149 76 44,
966 976 170 76 Paris.

467 1042 243 56 593
661 1042 97 56 Le
694 1042 162 56 sevrage.

583 1096 432 64 SALLES-WAGNER
938 1096 203 64 (Mme
1066 1096 356 64 Adélaïde),
1345 1096 178 64 née
1447 1096 127 64 à
1472 1096 229 64 Dresde,

628 1156 366 46 naturalisée
921 1156 342 46 française,
1189 1156 220 46 élève
1336 1156 147 46 de
1409 1156 147 46 L.
1458 1156 244 46 Cogniet;

632 1198 210 40 Rouen,
779 1198 189 40 1878,
905 1198 168 40 prix
1011 1198 126 40 de
1074 1198 189 40 1,000
1200 1198 231 40 francs;
1368 1198 168 40 méd.
1474 1198 189 40 d’or,
1579 1198 126 40 Mar-

632 1226 231 57 seille,
800 1226 189 57 1886;
926 1226 231 57 Toulon,
1094 1226 252 57 Avignon,
1282 1226 336 57 Montpellier,
1534 1226 168 57 Nîmes,

631 1280 171 52 etc.
738 1280 107 52 —
780 1280 150 52 Rue
866 1280 257 52 Blanche,
1059 1280 150 52 44,
1123 1280 171 52 Paris.

469 1317 267 90 594
683 1317 107 90 Le
736 1317 125 90 jeu
808 1317 196 90 antique
950 1317 107 90 du
986 1317 160 90 disque.

589 1398 254 72 SAMPIC
766 1398 229 72 (Mlle
919 1398 305 72 Jeanne),
1147 1398 178 72 née
1249 1398 127 72 à
1300 1398 254 72 Rouen,
1477 1398 229 72 élève
1604 1398 102 72 de

631 1453 132 67 F.
697 1453 221 67 Pelez.
851 1453 110 67 —
896 1453 154 67 Rue
984 1453 309 67 Guy-Patin,
1226 1453 132 67 7,
1271 1453 176 67 Paris.

473 1503 230 71 595
641 1503 138 71 Prunes.

587 1577 268 62 SARABEN
782 1577 463 62 (Louis-Alexis),
1172 1577 146 62 né
1245 1577 146 62 au
1318 1577 244 62 Havre,
1489 1577 219 62 élève
1610 1577 98 62 de

632 1617 172 58 Pils
740 1617 129 58 et
805 1617 129 58 de
869 1617 129 58 M.
934 1617 301 58 Lhuillier;
1170 1617 194 58 méd.,
1299 1617 172 58 Exp.
1407 1617 129 58 de
1471 1617 129 58 la
1514 1617 194 58 Société

632 1660 151 76 des
719 1660 301 76 Beaux-Arts
955 1660 129 76 du
1020 1660 215 76 Havre.
1170 1660 108 76 —
1213 1660 151 76 Rue
1299 1660 151 76 des
1385 1660 301 76 Pincettes,
1600 1660 108 76 37,

633 1712 145 65 Le
681 1712 194 65 Havre.

475 1756 261 81 596
684 1756 105 81 Le
736 1756 122 81 cap
806 1756 244 81 d’Antifer,
997 1756 139 81 près
1067 1756 174 81 Etretat.

1212 1788 202 83 (Voir
1364 1788 118 83 aux
1414 1788 253 83 Dessins)

592 1882 342 58 SARREBOURSE
866 1882 205 58 (Mlle
1002 1882 228 58 Jeanne
1162 1882 182 58 de),
1276 1882 160 58 née
1367 1882 114 58 à
1413 1882 228 58 Paris;
1549 1882 160 58 méd.,

638 1929 258 70 Amiens.
825 1929 117 70 —
872 1929 351 70 Grande-Rue,
1153 1929 164 70 59,
1223 1929 234 70 Enghien.

478 1967 238 92 597
653 1967 159 92 Pandore.

591 2032 261 84 SAUBÈS
774 2032 470 84 (Daniel-Léon),
1166 2032 157 84 né
1244 2032 131 84 à
1296 2032 261 84 Guiche
1453 2032 261 84 (Basses-

639 2097 295 56 Pyrénées),
871 2097 190 56 élève
997 2097 126 56 de
1061 2097 126 56 M.
1124 2097 232 56 Bonnat;
1292 2097 126 56 M.
1356 2097 148 56 H.,
1440 2097 211 56 Paris.
1588 2097 105 56 —
1609 2097 105 56 Rue

636 2138 272 62 Cauchois,
845 2138 146 62 15,
908 2138 167 62 Paris.

482 2194 261 73 598
690 2194 139 73 Mort
777 2194 104 73 de
812 2194 209 73 Condorcet.

676 2230 125 67 «Le
748 2230 90 67 8
784 2230 161 67 avril
891 2230 161 67 1794,
999 2230 107 67 au
1052 2230 179 67 matin,
1178 2230 161 67 quand
1285 2230 107 67 le
1339 2230 197 67 geôlier
1482 2230 107 67 du
1518 2230 197 67 Bourg-

636 2292 116 47 «»
694 2292 174 47 Reine
810 2292 193 47 ouvrit
945 2292 116 47 la
1003 2292 174 47 porte
1119 2292 116 47 du
1177 2292 193 47 cachot
1313 2292 155 47 pour
1409 2292 193 47 livrer
1545 2292 135 47 aux
1603 2292 116 47 gen-

637 2320 100 57 »
677 2320 200 57 darmes
817 2320 120 57 le
877 2320 280 57 prisonnier
1097 2320 200 57 encore
1238 2320 220 57 inconnu
1398 2320 200 57 qu’ils
1518 2320 200 57 devaient

640 2358 91 57 «
676 2358 219 57 conduire
841 2358 91 57 à
877 2358 183 57 Paris,
1005 2358 110 57 il
1060 2358 110 57 ne
1115 2358 183 57 trouva
1243 2358 164 57 qu’un
1352 2358 201 57 cadavre
1499 2358 91 57 —
1517 2358 201 57 Condorcet

638 2392 92 49 »
674 2392 201 49 s’était
821 2392 183 49 dérobé
949 2392 92 49 à
986 2392 256 49 l’échafaud
1187 2392 128 49 par
1260 2392 128 49 une
1333 2392 165 49 forte
1443 2392 146 49 dose
1535 2392 110 49 de
1572 2392 146 49 poison

639 2432 91 60 »
675 2432 238 60 concentré
858 2432 165 60 qu’il
968 2432 201 60 portait
1114 2432 146 60 dans
1206 2432 128 60 une
1260 2432 165 60 bague.»

485 2497 234 72 599
673 2497 109 72 Les
720 2497 156 72 cerises.

1437 2455 209 61 (ARAGO).
