1955 3149
427 380 122 72 76

942 399 275 63 PEINTURE.

593 500 310 63 VAUZANGES
831 500 429 63 (Louis-Marie),
1189 500 143 63 né
1260 500 119 63 à
1308 500 214 63 Tulle
1427 500 286 63 (Corrèze),

637 552 202 55 élève
771 552 134 55 de
838 552 157 55 MM.
928 552 179 55 Paul
1040 552 224 55 Mathey
1197 552 134 55 et
1264 552 269 55 Rivoire.
1466 552 112 55 —
1510 552 112 55 A
1533 552 179 55 Samois

637 594 434 70 (Seine-et-Marne),
1009 594 124 70 et
1071 594 268 70 boulevard
1277 594 145 70 des
1360 594 330 70 Batignolles,
1608 594 103 70 66,

612 634 179 60 Paris.

475 674 245 87 658
671 674 180 87 Fraises
801 674 98 87 et
834 674 163 87 cerises.

595 765 261 73 VEILLON
785 765 261 73 (René),
975 765 143 73 né
1047 765 119 73 à
1094 765 285 73 Mortagne
1308 765 261 73 (Orne),
1498 765 214 73 élève
1617 765 95 73 de

633 824 168 55 son
729 824 192 55 père
849 824 144 55 et
921 824 144 55 de
993 824 144 55 M.
1065 824 144 55 P.
1137 824 216 55 Saïn;
1280 824 192 55 méd.
1400 824 144 55 en
1448 824 264 55 province;

635 866 176 58 prix
745 866 264 58 Brizard,
943 866 220 58 Paris,
1097 866 198 58 1888.
1229 866 110 58 —
1273 866 154 58 Rue
1361 866 132 58 du
1427 866 264 58 Château,
1603 866 110 58 17,

608 902 241 72 Alençon.

473 945 277 79 659
694 945 203 79 Octobre
842 945 240 79 (environs
1009 945 240 79 d’Alençon).

469 1016 291 67 660
701 1016 194 67 Vannes
837 1016 116 67 du
895 1016 194 67 moulin
1030 1016 116 67 de
1088 1016 194 67 Trotté
1205 1016 174 67 (Orne).

595 1107 251 63 VERRIER
778 1107 251 63 (Léon),
960 1107 137 63 né
1028 1107 114 63 à
1074 1107 228 63 Rouen,
1233 1107 205 63 élève
1370 1107 137 63 de
1439 1107 137 63 de
1484 1107 228 63 Condamy.

631 1156 109 59 —
675 1156 109 59 A
718 1156 240 59 Préaux,
893 1156 153 59 par
980 1156 262 59 Darnétal
1155 1156 458 59 (Seine

473 1196 249 77 661
672 1196 182 77 Bassets
805 1196 99 77 au
838 1196 116 77 bois.

589 1293 326 54 VERSCHUUR
839 1293 326 54 (Walter),
1090 1293 150 54 né
1165 1293 125 54 à
1215 1293 351 54 Amsterdam,
1491 1293 225 54 élève
1616 1293 100 54 de

631 1346 165 54 son
726 1346 212 54 père;
867 1346 188 54 méd.
984 1346 141 54 de
1055 1346 165 54 1re
1149 1346 141 54 et
1219 1346 141 54 2e
1290 1346 188 54 cl.,
1407 1346 329 54 Amsterdam.
1642 1346 71 54 —

631 1377 217 76 Avenue
783 1377 282 76 Malakoff,
1000 1377 152 76 38,
1065 1377 173 76 Paris.

470 1421 268 70 662
684 1421 232 70 Attendant
863 1421 125 70 son
917 1421 214 70 capitaine.

590 1512 269 70 VERVLOET
792 1512 292 70 (Victor),
1016 1512 135 70 né
1083 1512 112 70 à
1128 1512 269 70 Malines;
1330 1512 135 70 52
1398 1512 180 70 méd.
1510 1512 135 70 et
1555 1512 157 70 dipl.

633 1578 212 64 d’hon.
781 1578 106 64 —
824 1578 149 64 Rue
909 1578 149 64 des
994 1578 276 64 Tanneurs,
1206 1578 149 64 29,
1291 1578 234 64 Malines
1440 1578 276 64 (Belgique).

470 1627 280 59 663
694 1627 130 59 Nef
769 1627 224 59 latérale
936 1627 112 59 de
992 1627 112 59 la
1048 1627 242 59 métropole
1234 1627 112 59 de
1272 1627 186 59 Malines.

472 1679 264 72 664
683 1679 141 72 Quai
771 1679 105 72 au
824 1679 141 72 sel,
912 1679 88 72 à
929 1679 176 72 Malines.

599 1767 268 55 VIANELLI
800 1767 291 55 (Albert),
1024 1767 134 55 né
1091 1767 112 55 à
1135 1767 224 55 Naples
1292 1767 291 55 (Italie),
1516 1767 201 55 élève
1628 1767 89 55 de

636 1817 157 57 son
725 1817 180 57 père
838 1817 135 57 et
905 1817 135 57 de
973 1817 157 57 MM.
1062 1817 135 57 G.
1130 1817 292 57 Boulanger
1355 1817 135 57 et
1422 1817 135 57 J.
1467 1817 247 57 Lefebvre;

637 1864 270 55 chevalier
845 1864 124 55 de
907 1864 124 55 la
969 1864 249 55 Couronne
1156 1864 270 55 d’Italie,
1363 1864 124 55 E.
1426 1864 124 55 U.
1488 1864 124 55 de
1529 1864 187 55 Venise,

635 1897 195 59 1887;
765 1897 173 59 méd.
873 1897 216 59 d’arg.
1024 1897 130 59 et
1089 1897 173 59 méd.
1197 1897 195 59 d’or,
1305 1897 411 59 Boulogne

635 1943 184 39 méd.
750 1943 230 39 d’arg.
911 1943 138 39 et
980 1943 184 39 méd.
1095 1943 138 39 de
1164 1943 230 39 verm.,
1325 1943 184 39 Exp.
1440 1943 299 39 d’Amiens.
1647 1943 69 39 —

638 1979 190 79 Place
765 1979 338 79 Malesherbes,
1039 1979 148 79 14,
1102 1979 169 79 Paris.

479 2024 206 75 665
630 2024 96 75 Solo.

477 2085 243 72 666
671 2085 113 72 Les
720 2085 178 72 voisines.

1204 2133 210 85 (Voir
1361 2133 122 85 aux
1413 2133 262 85 Dessins)

597 2228 408 54 VILLEBESSEYX
929 2228 204 54 (Mme
1057 2228 281 54 Jenny),
1261 2228 179 54 née
1363 2228 128 54 à
1414 2228 230 54 Lyon,
1541 2228 179 54 élève

641 2273 132 61 de
707 2273 154 61 MM.
795 2273 154 61 Ph.
883 2273 285 61 Rousseau,
1102 2273 132 61 et
1168 2273 132 61 A.
1234 2273 242 61 Millet;
1410 2273 132 61 M.
1475 2273 154 61 H.,
1541 2273 176 61 Paris;

642 2314 183 59 méd.
757 2314 206 59 d’or,
894 2314 229 59 Rouen;
1055 2314 183 59 méd.
1169 2314 252 59 d’arg.,
1352 2314 252 59 Amiens,
1513 2314 206 59 Evreux.

640 2351 111 67 —
684 2351 155 67 Rue
773 2351 221 67 Victor
928 2351 221 67 Massé,
1083 2351 155 67 26,
1149 2351 177 67 Paris.

479 2402 265 80 667
674 2402 283 80 Chrysanthèmes.

483 2460 240 77 668
659 2460 176 77 Papavers.
