1955 3149
439 427 112 67 82

962 445 243 71 DESSINS.

594 543 348 74 BOUTILLIÉ
862 543 375 74 (Raphaël),
1156 543 161 74 né
1236 543 134 74 à
1290 543 268 74 Rouen,
1477 543 241 74 élève
1611 543 107 74 de

636 598 189 51 MM.
744 598 162 51 M.
825 598 216 51 Blum
960 598 162 51 et
1041 598 351 51 Truphème.
1312 598 135 51 —
1366 598 189 51 Rue
1474 598 162 51 de
1528 598 189 51 Lour-

641 632 165 60 mel,
744 632 144 60 24,
806 632 165 60 Paris.

476 691 289 74 717
707 691 174 74 Cadre
823 691 251 74 contenant
1016 691 154 74 deux
1112 691 212 74 dessins
1267 691 154 74 pour
1344 691 289 74 illustration:

677 774 135 62 1.
745 774 135 62 Le
813 774 180 62 quai
925 774 135 62 de
993 774 293 62 Grenelle.
1218 774 113 62 —
1263 774 135 62 2.
1330 774 135 62 Le
1398 774 180 62 pont
1510 774 225 62 d’Iéna
1645 774 68 62 à

639 820 188 71 Paris
764 820 250 71 (travaux
952 820 167 71 pour
1056 820 334 71 l’Exposition
1327 820 125 71 de
1369 820 167 71 1889).

597 899 214 74 BRICON
747 899 193 74 (Mlle
875 899 257 74 Fortunée
1068 899 300 74 Clotilde),
1304 899 150 74 née
1390 899 107 74 à
1432 899 214 74 Paris,
1561 899 150 74 élève

636 966 132 55 de
702 966 154 55 Mme
790 966 132 55 de
856 966 198 55 Cool.
988 966 110 55 —
1032 966 154 55 Rue
1120 966 132 55 de
1186 966 242 55 Rennes,
1362 966 176 55 149,
1450 966 176 55 Paris.

471 1020 285 65 618
699 1020 171 65 Cadre
813 1020 247 65 contenant
1004 1020 171 65 trois
1099 1020 152 65 émaux:

675 1096 135 71 1.
742 1096 135 71 La
809 1096 360 71 présentation
1102 1096 135 71 au
1169 1096 247 71 temple,
1349 1096 247 71 d’après
1507 1096 202 71 Memling

633 1147 220 55 (émail
787 1147 132 55 de
853 1147 285 55 Limoges).
1072 1147 110 55 —
1116 1147 132 55 2.
1182 1147 132 55 La
1248 1147 264 55 fontaine
1446 1147 264 55 d’amour,
1621 1147 88 55 de

633 1187 229 60 Frogon
794 1187 229 60 (émail
954 1187 138 60 de
1023 1187 298 60 Limoges).
1252 1187 115 60 —
1298 1187 138 60 3.
1367 1187 138 60 Le
1413 1187 298 60 ravissement

633 1228 127 79 de
696 1228 191 79 saint
824 1228 255 79 François
1015 1228 255 79 d’Assise
1206 1228 212 79 (émail
1355 1228 127 79 de
1397 1228 234 79 Limoges).

594 1317 262 87 BROCHART
791 1317 328 87 (Constant),
1053 1317 131 87 né
1118 1317 109 87 à
1162 1317 218 87 Lille,
1315 1317 197 87 élève
1446 1317 131 87 de
1490 1317 218 87 Souchon;

633 1370 144 71 1re
716 1370 186 71 méd.,
840 1370 433 71 Boulogne-sur-Mer;
1211 1370 144 71 1re
1293 1370 186 71 méd.,
1417 1370 186 71 Dipl.
1520 1370 186 71 d’hon.,

630 1411 232 76 Dijon.
792 1411 116 76 —
838 1411 162 76 Rue
931 1411 278 76 Lamande,
1139 1411 162 76 16,
1209 1411 185 76 Paris.

465 1468 332 78 719
731 1468 266 78 Marchand
930 1468 288 78 d’habits,
1151 1468 244 78 galons,
1329 1468 221 78 époque
1484 1468 199 78 Louis
1594 1468 111 78 XVI

609 1523 214 68 (pastel).

467 1576 276 83 720
687 1576 239 83 Mauresque
871 1576 110 83 au
926 1576 165 83 puits
1018 1576 202 83 (pastel).

586 1685 168 69 BRUN
691 1685 189 69 (Mlle
817 1685 231 69 Nelly),
986 1685 147 69 née
1070 1685 105 69 à
1112 1685 210 69 Paris,
1259 1685 189 69 élève
1385 1685 126 69 de
1449 1685 168 69 Mlle
1533 1685 168 69 Decan,

625 1734 140 54 et
695 1734 140 54 de
765 1734 164 54 MM.
858 1734 140 54 E.
929 1734 234 54 Claude
1092 1734 140 54 et
1162 1734 140 54 E.
1232 1734 140 54 de
1303 1734 327 54 Landerset.
1560 1734 117 54 —
1583 1734 117 54 Rue

624 1778 132 54 du
690 1778 571 54 Faubourg-Saint-Honoré,
1195 1778 176 54 155,
1282 1778 176 54 Paris.

465 1822 299 74 721
704 1822 139 74 Les
784 1822 259 74 dernières
983 1822 179 74 roses
1103 1822 120 74 de
1162 1822 199 74 Pœstum
1282 1822 279 74 (miniature).

1167 1922 202 73 (Voir
1319 1922 84 73 à
1352 1922 101 73 la
1386 1922 269 73 Peinture)

579 1964 268 103 BRUYERRE
780 1964 201 103 (Mlle
914 1964 224 103 Jeanne
1071 1964 268 103 Louise),
1272 1964 157 103 née
1361 1964 112 103 à
1406 1964 224 103 Paris,
1540 1964 157 103 élève

600 2059 124 51 de
662 2059 144 51 Mme
745 2059 124 51 de
806 2059 185 51 Cool.
930 2059 103 51 —
971 2059 185 51 Place
1095 2059 350 51 Saint-Michel,
1383 2059 124 51 2,
1424 2059 165 51 Paris.

458 2102 252 80 722
660 2102 168 80 Pavots
761 2102 235 80 (aquarelle).

456 2193 256 75 723
661 2193 205 75 Pivoines
798 2193 239 75 (aquarelle).

575 2272 224 83 BUQUET
731 2272 291 83 (Alfred),
955 2272 134 83 né
1022 2272 112 83 à
1067 2272 492 83 Déville-lès-Rouen,
1492 2272 201 83 élève
1604 2272 89 83 de

613 2338 163 60 MM.
706 2338 140 60 E.
776 2338 210 60 Lebel
916 2338 140 60 et
986 2338 257 60 Gérôme.
1173 2338 117 60 —
1220 2338 163 60 Rue
1313 2338 140 60 du
1383 2338 257 60 Renard,
1547 2338 140 60 237,

589 2379 204 61 Rouen.

452 2431 273 94 724
670 2431 200 94 Etudes,
816 2431 200 94 paysage
944 2431 273 94 (aquarelles).

452 2515 273 64 725
670 2515 218 64 Portrait
834 2515 109 64 de
888 2515 127 64 Mme
961 2515 145 64 H...
1034 2515 254 64 (aquarelle).
