1998 3149
702 441 245 72 DESSINS.

1341 423 114 73 87

333 537 155 78 DIEN
429 537 271 78 (Achille),
642 537 116 78 né
700 537 97 78 à
739 537 193 78 Paris;
874 537 155 78 méd.
971 537 135 78 1re
1048 537 135 78 cl.
1125 537 193 78 (blanc
1261 537 116 78 et
1299 537 155 78 noir),

377 604 220 54 Paris.
531 604 110 54 —
575 604 154 54 Rue
663 604 154 54 des
751 604 330 54 Beaux-Arts,
1015 604 132 54 3,
1059 604 176 54 Paris.

203 639 324 79 762
463 639 151 79 Les
549 639 195 79 bords
679 639 130 79 de
744 639 130 79 la
809 639 216 79 Viosne
960 639 108 79 à
1004 639 173 79 Osny
1090 639 368 79 (Seine

348 702 229 67 (fusain).

208 754 260 86 763
416 754 191 86 Paysage
537 754 191 86 (fusain).

911 772 209 97 (Voir
1067 772 87 97 à
1102 772 105 97 la
1137 772 279 97 Peinture)

331 865 224 76 DROUIN
488 865 202 76 (Mlle
622 865 269 76 Claire),
824 865 157 76 née
914 865 112 76 à
959 865 224 76 Rouen,
1116 865 202 76 élève
1251 865 135 76 de
1318 865 135 76 M.
1363 865 90 76 E.

375 923 222 79 Lebel.
530 923 111 79 —
575 923 156 79 Rue
664 923 156 79 des
753 923 245 79 Arsins,
931 923 133 79 2,
975 923 178 79 Rouen.

211 989 247 71 764
408 989 198 71 Portrait
540 989 181 71 (fusain).

914 1022 208 77 (Voir
1070 1022 87 77 à
1105 1022 104 77 la
1139 1022 278 77 Peinture)

333 1079 235 100 DUBOIS
498 1079 141 100 DE
569 1079 141 100 LA
639 1079 188 100 REUE
757 1079 376 100 (Alexandre),
1062 1079 212 100 élève
1203 1079 141 100 de
1274 1079 141 100 M.
1321 1079 141 100 Cas-

378 1165 220 59 sagne.
532 1165 110 59 —
576 1165 154 59 Rue
664 1165 132 59 de
730 1165 308 59 Bruxelles,
973 1165 154 59 18,
1039 1165 176 59 Paris.

210 1206 284 69 765
437 1206 132 69 Vue
513 1206 113 69 de
569 1206 246 69 Normandie
739 1206 265 69 (aquarelle).

215 1268 274 81 766
434 1268 128 81 Vue
507 1268 110 81 de
562 1268 292 81 Villefranche
781 1268 256 81 (aquarelle).

336 1353 221 56 FALIÈS
491 1353 288 56 (Victor),
712 1353 133 56 né
778 1353 111 56 à
823 1353 332 56 Montpellier
1088 1353 310 56 (Hérault),
1309 1353 155 56 élève

382 1400 125 48 de
445 1400 125 48 M.
507 1400 187 48 J.-P.
632 1400 250 48 Laurens;
819 1400 166 48 méd.
923 1400 208 48 d’arg.
1069 1400 125 48 et
1131 1400 125 48 de
1194 1400 166 48 br.;
1298 1400 166 48 rap.
1381 1400 83 48 de

382 1443 166 51 méd.
486 1443 229 51 d’arg.;
652 1443 125 51 M.
715 1443 145 51 H.,
798 1443 333 51 Montpellier,
1068 1443 270 51 Toulouse,
1255 1443 208 51 Castres,

384 1478 169 73 etc.
489 1478 105 73 —
531 1478 147 73 Rue
616 1478 253 73 Leclerc,
805 1478 126 73 1,
847 1478 169 73 Paris.

217 1526 270 78 767
433 1526 108 78 Un
487 1526 216 78 ruisseau
631 1526 252 78 (aquarelle).

924 1575 208 83 (Voir
1080 1575 87 83 à
1114 1575 104 83 la
1149 1575 277 83 Peinture)

343 1656 258 68 FAUQUET
530 1656 515 68 (Eugène-Napoléon),
975 1656 141 68 né
1045 1656 117 68 à
1069 1656 398 68 Sotteville-

382 1704 221 69 Rouen,
537 1704 199 69 élève
670 1704 133 69 de
736 1704 133 69 M.
802 1704 310 69 Desmarest;
1046 1704 177 69 méd.
1156 1704 243 69 d’arg.,
1311 1704 155 69 1882,

386 1757 230 50 Rouen.
547 1757 115 50 —
593 1757 161 50 Rue
685 1757 299 50 Ganterie,
916 1757 161 50 58,
985 1757 184 50 Rouen.

221 1813 279 73 768
445 1813 130 73 Rue
519 1813 130 73 des
593 1813 260 73 Couteliers
798 1813 93 73 à
835 1813 316 73 l’Isle-d’Alby
1095 1813 186 73 (Tarn)
1207 1813 260 73 (aquarelle).

884 1855 204 75 (Voir
1037 1855 85 75 à
1054 1855 375 75 l’Architecture)

347 1924 172 72 FAUX
455 1924 194 72 (Mlle
584 1924 474 72 Eugénie-Juliette),
993 1924 151 72 née
1079 1924 108 72 à
1123 1924 194 72 Noyen
1230 1924 237 72 (Sarthe),

392 1988 190 50 élève
519 1988 127 50 de
582 1988 148 50 MM.
666 1988 127 50 de
730 1988 274 50 Champeaux
940 1988 127 50 et
1004 1988 253 50 Galland;
1194 1988 169 50 méd.
1278 1988 190 50 d’arg.,

391 2029 275 56 concours
597 2029 137 56 de
666 2029 229 56 dessin
826 2029 137 56 de
895 2029 137 56 la
964 2029 206 56 Ville
1101 2029 137 56 de
1170 2029 229 56 Paris,
1308 2029 160 56 1885;

389 2065 188 58 méd.
507 2065 141 58 de
578 2065 188 58 br.,
695 2065 494 58 Boulogne-sur-Mer,
1118 2065 212 58 1887.
1259 2065 118 58 —
1306 2065 165 58 Rue
1377 2065 94 58 de

393 2112 316 67 Dunkerque,
642 2112 158 67 42,
709 2112 181 67 Paris.

224 2160 265 77 769
436 2160 212 77 Pivoines
577 2160 247 77 (aquarelle).

226 2211 263 94 770
437 2211 228 94 Capucines
595 2211 246 94 (aquarelle).

347 2300 230 66 FAVIER
508 2300 299 66 (Eugène),
738 2300 138 66 né
807 2300 115 66 à
853 2300 230 66 Paris,
1013 2300 207 66 élève
1151 2300 138 66 de
1220 2300 161 66 MM.
1289 2300 184 66 Gérôme

391 2353 125 50 et
454 2353 125 50 J.
516 2353 271 50 Lefebvre.
725 2353 104 50 —
766 2353 146 50 Rue
850 2353 250 50 Monsieur
1037 2353 125 50 Le
1100 2353 229 50 Prince,
1267 2353 146 50 62,
1329 2353 146 50 Paris

228 2408 274 59 771
447 2408 219 59 Portrait
611 2408 109 59 de
666 2408 109 59 M.
720 2408 146 59 M...
793 2408 201 59 (dessin).

230 2456 260 79 772
438 2456 208 79 Portrait
594 2456 208 79 d’enfant
732 2456 191 79 (fusain).

952 2517 199 70 (Voir
1102 2517 83 70 à
1135 2517 99 70 la
1168 2517 265 70 Peinture)
