1955 3149
430 439 122 75 90

960 456 238 77 DESSINS.

588 571 313 70 HODEBERT
823 571 652 70 (Léon-Auguste-César),
1397 571 157 70 né
1475 571 130 70 à
1501 571 209 70 Saint-

634 615 398 69 Michel-sur-Loire
972 615 418 69 (Indre-et-Loire);
1331 615 159 69 méd.
1430 615 179 69 d’or,
1530 615 179 69 Société

630 662 350 65 artistique
905 662 150 65 de
980 662 350 65 Normandie,
1254 662 250 65 Rouen,
1429 662 225 65 1884.
1554 662 150 65 méd.

633 697 246 79 d’arg.,
812 697 358 79 Montpellier,
1102 697 201 79 1887;
1236 697 179 79 méd.
1348 697 134 79 de
1415 697 179 79 br.,
1505 697 201 79 Amiens,

633 740 193 66 1887;
761 740 129 66 M.
826 740 150 66 H.,
911 740 279 66 Poitiers,
1126 740 193 66 1887;
1255 740 172 66 méd.
1362 740 214 66 d’arg.
1512 740 150 66 1re
1576 740 129 66 cl.,

632 780 309 73 Versailles,
880 780 186 73 1888.
1004 780 103 73 —
1045 780 206 73 Avenue
1189 780 144 73 des
1272 780 268 73 Gobelins,
1478 780 144 73 66,
1540 780 165 73 Paris,

632 827 132 74 et
698 827 287 74 boulevard
919 827 353 74 Beauvoisine,
1205 827 154 74 35,
1272 827 176 74 Rouen.

470 868 254 77 793
673 868 220 77 Innocence
825 868 186 77 (pastel).

1172 938 203 86 (Voir
1324 938 85 86 à
1358 938 102 86 la
1392 938 271 86 Peinture)

585 1023 169 83 HOMO
690 1023 338 83 (Alexandre),
965 1023 127 83 né
1028 1023 106 83 à
1071 1023 211 83 Paris,
1218 1023 190 83 élève
1345 1023 127 83 de
1408 1023 127 83 M.
1451 1023 253 83 Guillemet;

630 1072 122 66 3e
691 1072 163 66 méd.
792 1072 102 66 —
833 1072 163 66 Cité
935 1072 264 66 Gaillard,
1138 1072 122 66 2,
1178 1072 163 66 Paris.

465 1121 289 89 794
696 1121 116 89 La
754 1121 135 89 rue
831 1121 116 89 de
889 1121 116 89 la
946 1121 366 89 Grosse-Horloge,
1254 1121 96 89 à
1293 1121 173 89 Rouen
1389 1121 270 89 (aquarelle).

466 1178 274 93 795
685 1178 110 93 La
740 1178 128 93 rue
813 1178 110 93 de
868 1178 274 93 l’Epicerie,
1088 1178 91 93 à
1124 1178 165 93 Rouen
1216 1178 256 93 (aquarelle).

581 1259 210 91 HOTIN
721 1259 537 91 (Emmanuel-Auguste),
1188 1259 140 91 né
1258 1259 117 91 à
1304 1259 257 91 Dieppe,
1491 1259 210 91 élève
1608 1259 93 91 de

624 1325 264 65 Senties,
822 1325 132 65 et
888 1325 132 65 de
954 1325 154 65 MM.
1042 1325 220 65 Jouhan
1195 1325 132 65 et
1261 1325 132 65 de
1327 1325 286 65 Mareilly.
1547 1325 110 65 —
1569 1325 132 65 Bou-

627 1360 203 68 levard
769 1360 264 68 Voltaire,
972 1360 142 68 48,
1033 1360 163 68 Paris.

459 1411 300 73 796
699 1411 220 73 L’homme
859 1411 100 73 à
899 1411 260 73 l’œillet,
1100 1411 220 73 d’après
1260 1411 140 73 Van
1340 1411 160 73 Eyck
1440 1411 220 73 (dessin
1600 1411 100 73 à
1620 1411 80 73 la

594 1461 221 56 plume).

458 1507 300 99 797
698 1507 220 99 Rétable
857 1507 120 99 de
917 1507 220 99 Péglise
1077 1507 120 99 de
1137 1507 220 99 Fresles
1277 1507 419 99 (Seine

619 1559 234 72 (dessin
789 1559 106 72 à
831 1559 128 72 la
874 1559 191 72 plume).

1159 1590 199 96 (Voir
1308 1590 83 96 à
1342 1590 99 96 la
1375 1590 281 96 Sculpture)

578 1677 175 70 HUAS
688 1677 285 70 (Pierre),
907 1677 132 70 né
973 1677 110 70 à
1016 1677 132 70 La
1082 1677 285 70 Rochelle,
1301 1677 197 70 élève
1433 1677 132 70 de
1499 1677 175 70 Elie
1586 1677 110 70 De-

619 1736 239 73 launay.
793 1736 109 73 —
837 1736 152 73 Rue
924 1736 391 73 Chateaubriand,
1250 1736 152 73 11,
1315 1736 174 73 Paris.

458 1791 266 89 798
671 1791 213 89 Portrait
831 1791 106 89 de
884 1791 124 89 Mme
955 1791 106 89 P.
1008 1791 142 89 H...
1079 1791 195 89 (pastel).

1155 1843 207 97 (Voir
1310 1843 86 97 à
1344 1843 103 97 la
1379 1843 275 97 Peinture)

573 1930 206 88 HUBER
710 1930 457 88 (Louis-Edouard).
1099 1930 114 88 —
1144 1930 160 88 Rue
1236 1930 274 88 Ordener,
1442 1930 160 88 19,
1510 1930 183 88 Paris.

451 1987 294 106 799
686 1987 137 106 Les
765 1987 176 106 bords
882 1987 118 106 de
941 1987 118 106 la
1000 1987 196 106 Marne,
1137 1987 98 106 à
1176 1987 118 106 la
1235 1987 215 106 Varenne
1372 1987 235 106 (gouache).

570 2092 337 78 HULIN-GATTE
839 2092 180 78 (Mme
952 2092 292 78 Blanche),
1177 2092 157 78 née
1267 2092 112 78 à
1312 2092 315 78 Lunéville,
1537 2092 157 78 élève

611 2148 144 63 de
683 2148 168 63 MM.
779 2148 240 63 Daniel
946 2148 240 63 Dupuis
1114 2148 144 63 et
1186 2148 264 63 Hareux.
1378 2148 120 63 —
1426 2148 168 63 Rue
1521 2148 144 63 du
1569 2148 120 63 Re-

614 2190 200 57 nard,
747 2190 177 57 132,
836 2190 177 57 Rouen.

449 2226 285 94 800
677 2226 171 94 Cadre
791 2226 247 94 contenant
981 2226 171 94 trois
1094 2226 228 94 panneaux
1265 2226 190 94 fleurs
1379 2226 266 94 (aquarelle).

562 2310 303 98 HURAULT
782 2310 165 98 DE
864 2310 275 98 LIGNY,
1057 2310 165 98 né
1139 2310 138 98 à
1194 2310 330 98 Tonneins
1414 2310 275 98 (Lot-

605 2385 293 81 Garonne),
831 2385 203 81 élève
966 2385 135 81 de
1034 2385 225 81 Rémond
1191 2385 135 81 et
1259 2385 135 81 de
1326 2385 248 81 Hubert.
1507 2385 113 81 —
1529 2385 158 81 Mont

582 2422 347 65 Saint

447 2457 257 89 801
653 2457 189 89 Paysage
773 2457 240 89 (aquarelle).

447 2526 258 86 802
653 2526 189 86 Paysage
774 2526 241 86 (aquarelle).
