1571 2851
486 74 547 169 CATALOGUE

65 230 235 123 DE
182 230 430 123 LETTRES
495 230 625 123 AUTOGRAPHES,
964 230 508 123 MANUSCRITS,

447 335 326 107 DOCUMENTS
711 335 326 107 HISTORIQUES,
955 335 163 107 ETC..

137 473 376 120 D'
372 473 517 120 AUGUSTE
701 473 704 120 LAVERDET,

358 598 124 84 A
408 598 248 84 Paris,
581 598 174 84 rue
680 598 421 84 Saint-Lazare,
1003 598 198 84 24

559 790 206 77 Vente
714 790 86 77 à
731 790 275 77 l’amiable,

336 853 212 66 soit
490 853 135 66 par
567 853 290 66 l’insertion
799 853 154 66 dans
896 853 116 66 le
934 853 290 66 bulletin,

154 895 187 77 soit
279 895 146 77 aux
362 895 250 77 enchères
550 895 291 77 publiques,
779 895 125 77 de
841 895 312 77 Collections
1091 895 125 77 ou
1132 895 271 77 parties

334 946 174 71 de
450 946 291 71 Collections
682 946 116 71 de
741 946 213 71 Lettres
876 946 349 71 autographes,

486 995 314 60 Documents
722 995 354 60 historiques,

335 1042 461 46 Manuscrits,
709 1042 259 46 etc.,
853 1042 173 46 etc.

95 1064 281 88 Achats.
316 1064 101 88 —
356 1064 261 88 Echanges.
557 1064 101 88 —
598 1064 302 88 Expertises.
839 1064 101 88 —
879 1064 261 88 Rédaction
1080 1064 121 88 de
1120 1064 342 88 Catalogues.

337 1243 211 88 N°
468 1243 184 88 24.
574 1243 132 88 —
626 1243 421 88 JUIN-JUILLET
942 1243 263 88 1859

48 1419 198 61 4289.
180 1419 242 61 Adam
356 1419 419 61 Czartoryski
709 1419 154 61 (le
797 1419 264 61 prince),
995 1419 264 61 sénateur
1194 1419 264 61 Palatin,
1370 1419 132 61 pré-

89 1485 224 55 sident
245 1485 134 55 du
312 1485 358 55 gouvernement
603 1485 268 55 national
804 1485 268 55 polonais
1005 1485 246 55 pendant
1184 1485 134 55 la
1229 1485 268 55 révolution

90 1525 132 62 de
156 1525 308 62 1830-1831.
398 1525 198 62 Trois
531 1525 220 62 lignes
685 1525 176 62 aut.
795 1525 176 62 sig.
905 1525 154 62 (en
993 1525 308 62 polonais).
1236 1525 220 62 In-18.
1390 1525 110 62 2
1412 1525 88 62 50

47 1566 184 60 4290.
169 1566 348 60 Aimant
456 1566 225 60 (traité
619 1566 123 60 de
681 1566 164 60 l').
783 1566 266 60 Manuscrit
988 1566 123 60 du
1049 1566 184 60 XVIIe
1172 1566 225 60 siècle,
1335 1566 164 60 avec
1417 1566 82 60 de

88 1620 308 62 nombreuses
330 1620 242 62 figures
507 1620 110 62 à
551 1620 132 62 la
617 1620 198 62 plume
749 1620 176 62 dans
859 1620 132 62 le
925 1620 220 62 texte.
1079 1620 132 62 22
1145 1620 198 62 pages
1278 1620 198 62 in-4.
1410 1620 110 62 6
1432 1620 66 62 »

42 1666 190 71 4291.
168 1666 463 71 Aimé-Martin
568 1666 253 71 (Louis),
758 1666 337 71 littérateur.
1032 1666 126 71 L.
1095 1666 168 71 aut.
1200 1666 190 71 sig.,
1327 1666 105 71 à
1369 1666 126 71 M.
1411 1666 84 71 le

87 1715 290 83 président
310 1715 134 83 de
377 1715 134 83 la
444 1715 223 83 Place.
600 1715 223 83 Paris,
756 1715 156 83 1er
846 1715 246 83 janvier
1024 1715 201 83 1830.
1158 1715 112 83 3
1203 1715 134 83 p.
1270 1715 201 83 in-4.
1404 1715 112 83 2
1426 1715 67 83 »

135 1760 132 64 Au
201 1760 198 64 sujet
333 1760 176 64 d’un
442 1760 242 64 échange
618 1760 395 64 d’autographes.
925 1760 242 64 Curieuse.

46 1806 181 67 4292.
166 1806 381 67 Albéroni
487 1806 140 67 (le
568 1806 281 67 cardinal),
789 1806 221 67 célèbre
949 1806 181 67 homme
1070 1806 221 67 d’Etat.
1230 1806 120 67 L.
1290 1806 161 67 aut.
1371 1806 120 67 sig.

91 1860 144 74 (en
173 1860 267 74 italien).
378 1860 226 74 Collège
542 1860 123 74 de
603 1860 349 74 Saint-Lazare,
890 1860 123 74 29
952 1860 164 74 juin
1054 1860 185 74 1733.
1177 1860 103 74 2
1218 1860 144 74 gr.
1300 1860 123 74 p.
1341 1860 164 74 in

114 1906 566 57 Très-belle
558 1906 404 57 lettre
841 1906 566 57 politique.
1286 1906 243 57 12
1367 1906 121 57 »

45 1950 183 61 4293.
167 1950 366 61 Alibert
472 1950 142 61 (le
553 1950 224 61 baron),
716 1950 224 61 médecin
878 1950 244 61 célèbre.
1061 1950 122 61 1°
1122 1950 203 61 Billet
1264 1950 163 61 aut.
1346 1950 142 61 sig.,

87 1993 124 62 au
149 1993 227 62 docteur
315 1993 289 62 Trousseau.
542 1993 207 62 Petite
686 1993 165 62 page
790 1993 207 62 in-4.;
934 1993 124 62 2°
996 1993 124 62 L.
1058 1993 186 62 aut.,
1182 1993 103 62 à
1223 1993 124 62 M.
1285 1993 124 62 de
1327 1993 165 62 Saint-

63 2053 444 61 Surin.
374 2053 222 61 1
462 2053 267 61 p.
596 2053 400 61 in-4.
862 2053 577 61 Curieuse.
1306 2053 222 61 2
1351 2053 133 61 »

41 2090 181 67 4294.
161 2090 361 67 Amanton
462 2090 321 67 littérateur.
723 2090 120 67 L.
784 2090 161 67 aut.
884 2090 181 67 sig.,
1004 2090 100 67 à
1044 2090 140 67 ses
1125 2090 261 67 collègues
1325 2090 120 67 de
1366 2090 120 67 l'A

84 2142 241 58 cadémie
259 2142 131 58 de
325 2142 219 58 Dijon.
478 2142 263 58 Auxonne,
675 2142 131 58 29
741 2142 263 58 frimaire
938 2142 131 58 an
1003 2142 153 58 XI.
1091 2142 109 58 1
1135 2142 131 58 p.
1200 2142 153 58 pl.
1288 2142 131 58 et
1332 2142 153 58 demie

-13 2194 1268 65 in-fol.
909 2194 576 65 2
1024 2194 461 65 50

39 2235 174 72 4295.
154 2235 386 72 Andrieux,
483 2235 174 72 poète
598 2235 289 72 dramatique.
830 2235 116 72 1°
888 2235 232 72 Fragment
1061 2235 154 72 aut.
1158 2235 135 72 des
1216 2235 270 72 Deux

86 2285 416 58 Vieillards
445 2285 208 58 comédie
596 2285 113 58 en
653 2285 94 58 5
691 2285 170 58 actes
804 2285 113 58 et
861 2285 113 58 en
917 2285 170 58 vers,
1031 2285 283 58 représentée
1257 2285 113 58 au
1295 2285 189 58 Théâtre-

81 2335 244 58 Français
264 2335 122 58 en
325 2335 183 58 1808.
446 2335 102 58 1
487 2335 122 58 p.
548 2335 183 58 in-4.
670 2335 102 58 —
711 2335 122 58 2°
772 2335 122 58 L.
833 2335 163 58 aut.
934 2335 183 58 sig.,
1056 2335 102 58 à
1097 2335 163 58 M...
1198 2335 122 58 24
1259 2335 163 58 août
1341 2335 142 58 1816.

71 2392 141 51 1
127 2392 169 51 p.
212 2392 198 51 pl.
325 2392 254 51 in-4.
494 2392 395 51 Très-jolie
805 2392 282 51 lettre
1002 2392 423 51 littéraire.
1341 2392 141 51 3
1369 2392 113 51 50

126 2429 185 66 .....
250 2429 185 66 «J’ai
373 2429 144 66 été
455 2429 185 66 l’ami
578 2429 123 66 de
640 2429 205 66 Collin
784 2429 349 66 d’Harleville,
1071 2429 123 66 je
1133 2429 123 66 le
1194 2429 246 66 regrette
1359 2429 123 66 tous

75 2496 178 48 «les
186 2496 201 48 jours
320 2496 134 48 et
387 2496 134 48 je
454 2496 223 48 chéris
610 2496 134 48 sa
677 2496 268 48 mémoire;
878 2496 134 48 le
945 2496 178 48 bien
1056 2496 178 48 quon
1168 2496 156 48 dit
1257 2496 134 48 de
1324 2496 156 48 lui
1391 2496 89 48 me

78 2534 189 51 «fait
204 2534 210 51 autant
351 2534 126 51 de
414 2534 231 51 plaisir
582 2534 147 51 que
666 2534 189 51 celui
792 2534 189 51 qu’on
918 2534 210 51 dirait
1065 2534 126 51 de
1107 2534 252 51 moi......»

31 2564 187 66 4296.
156 2564 394 66 Anquetil
488 2564 394 66 (Louis-Pierre),
819 2564 249 66 chanoine
1006 2564 249 66 régulier
1193 2564 124 66 de
1234 2564 249 66 Sainte-

74 2633 263 67 neviève,
271 2633 307 67 historien.
512 2633 132 67 L.
578 2633 175 67 aut.
688 2633 197 67 sig.,
819 2633 110 67 à
863 2633 197 67 Mg...
995 2633 132 67 21
1061 2633 241 67 janvier
1236 2633 197 67 1808,
1367 2633 110 67 1
1389 2633 88 67 p.

-59 2675 1388 64 in-4.
866 2675 771 64 2
1020 2675 463 64 »
