1544 2975
63 213 180 67 5297.
183 213 340 67 Appert
463 213 180 67 (A.),
583 213 340 67 philanthrope,
864 213 280 67 inspecteur
1084 213 220 67 général
1244 213 140 67 des
1304 213 200 67 prisons,

108 261 142 61 L.
179 261 189 61 aut.
298 261 213 61 sig.,
440 261 118 61 à
487 261 260 61 Wilhem,
676 261 142 61 13
747 261 189 61 août
865 261 213 61 1824.
1007 261 118 61 1
1055 261 166 61 gr.
1149 261 166 61 pl.
1244 261 213 61 in-4.
1386 261 118 61 2
1409 261 95 61 25

162 310 113 62 Il
219 310 94 62 a
256 310 150 62 reçu
350 310 301 62 l’exemplaire
595 310 113 62 de
651 310 132 62 son
726 310 226 62 Guide
877 310 282 62 musical.

66 350 182 71 4298.
187 350 324 71 Arago
451 350 304 71 (François),
694 350 284 71 astronome,
917 350 365 71 mathématicien.
1220 350 122 71 L.
1281 350 162 71 aut.
1362 350 142 71 sig.,

102 403 160 64 à
166 403 255 64 M...
325 403 319 64 Paris,
549 403 191 64 14
645 403 255 64 déc.
804 403 287 64 1843.
995 403 160 64 1
1059 403 191 64 p.
1155 403 287 64 in-4.
1346 403 160 64 3
1378 403 128 64 5»

65 451 190 77 4299.
192 451 381 77 Arnault
509 451 466 77 (Antoine-Vincent),
911 451 190 77 poète
1038 451 317 77 dramatique,
1292 451 212 77 membre
1419 451 85 77 de

112 517 296 48 l’Académie
344 517 296 48 française.
577 517 127 48 1°
640 517 127 48 L.
703 517 190 48 sig.,
830 517 106 48 à
872 517 317 48 l’Empereur.
1126 517 106 48 2
1168 517 127 48 p.
1231 517 232 48 in-fol.
1379 517 127 48 Hom-

115 562 164 59 mage
217 562 123 59 de
278 562 123 59 la
340 562 287 59 collection
565 562 143 59 des
647 562 205 59 écrits
791 562 184 59 qu’il
914 562 102 59 a
955 562 225 59 publiés
1119 562 102 59 à
1160 562 307 59 différentes
1385 562 123 59 épo-

118 614 154 45 ques
214 614 135 45 sur
291 614 327 45 l’instructien
561 614 250 45 publique.
753 614 96 45 —
792 614 116 45 2°
849 614 385 45 Macédoine
1177 614 289 45 (feuilleton
1388 614 116 45 d’un

112 647 202 78 journal
259 647 129 78 qui
332 647 257 78 paraissait
534 647 92 78 à
571 647 239 78 Bruxelles
754 647 147 78 sous
846 647 110 78 le
901 647 165 78 titre
1011 647 110 78 de
1066 647 202 78 Vrat
1213 647 294 78 libéral
1434 647 73 78 et

115 696 207 62 auquel
260 696 124 62 il
323 696 311 62 travaillait
571 696 228 62 pendant
737 696 145 62 son
820 696 187 62 exil.
944 696 124 62 15
1007 696 124 62 p.
1069 696 166 62 in-4
1172 696 124 62 en
1235 696 249 62 travers.
1421 696 104 62 5
1442 696 62 62 »

69 748 170 63 4300.
182 748 321 63 Artois
446 748 226 63 (Charles
616 748 151 63 d’),
711 748 151 63 fait
805 748 264 63 prisonnier
1012 748 94 63 à
1050 748 113 63 la
1107 748 226 63 bataille
1258 748 245 63 d’Azincourt

115 790 143 79 (il
196 790 204 79 existe
339 790 123 79 de
401 790 143 79 ses
482 790 306 79 portraits).
728 790 204 79 Quitt.
871 790 163 79 sig.
973 790 163 79 (sur
1075 790 245 79 parch.),
1259 790 123 79 de
1320 790 123 79 la
1361 790 143 79 somme

115 848 128 58 de
179 848 192 58 4,000
307 848 214 58 livres
456 848 278 58 tournois,
670 848 192 58 reçue
798 848 128 58 de
862 848 214 58 maître
1012 848 320 58 Lebourlier,
1268 848 235 58 notaire
1418 848 85 58 du

103 897 267 54 roi,
270 897 167 54 4
336 897 267 54 juin
503 897 301 54 1454.
704 897 367 54 in-fol.
971 897 200 54 en
1071 897 401 54 travers.
1371 897 167 54 5
1405 897 100 54 »

67 924 182 98 4301.
188 924 324 98 Auber
452 924 324 98 compositeur.
715 924 122 98 L.
776 924 162 98 aut.
878 924 162 98 sig.
979 924 203 98 Paris,
1121 924 122 98 21
1182 924 162 98 août
1283 924 182 98 1836.
1384 924 122 98 Deux

103 986 315 69 tiers
313 986 210 69 de
418 986 315 69 pages
629 986 315 69 in-4.
839 986 315 69 Jolie
1049 986 386 69 lettre.
1330 986 175 69 2
1365 986 140 69 50

162 1042 126 65 Au
225 1042 189 65 sujet
351 1042 126 65 du
414 1042 273 65 Dectylion
624 1042 126 65 de
687 1042 126 65 M.
750 1042 189 65 Herz.
876 1042 231 65 (Procès
1044 1042 126 65 en
1107 1042 315 65 contrefaçon
1359 1042 126 65 de
1401 1042 105 65 cet

92 1093 314 56 instrument).

67 1112 180 86 4302.
187 1112 339 86 Aubert
466 1112 220 86 écuyer.
626 1112 120 86 L.
686 1112 160 86 aut.
786 1112 180 86 sig.,
905 1112 100 86 à
945 1112 180 86 M...,
1065 1112 120 86 22
1125 1112 140 86 mai
1205 1112 180 86 1845.
1324 1112 100 86 4
1364 1112 140 86 gr.
1424 1112 80 86 p.

105 1175 233 85 pl.
238 1175 300 85 in-4.
438 1175 233 85 Vue
571 1175 200 85 de
671 1175 233 85 son
804 1175 366 85 manège,
1071 1175 366 85 in-fol.
1337 1175 167 85 2
1371 1175 133 85 50

162 1232 307 65 Très-belle
404 1232 220 65 lettre
557 1232 132 65 au
623 1232 198 65 sujet
755 1232 132 65 de
821 1232 132 65 la
886 1232 329 65 composition
1150 1232 132 65 de
1216 1232 154 65 son
1282 1232 220 65 ouvrage:

119 1280 260 60 Histoire
327 1280 104 60 de
379 1280 278 60 l’équitation
604 1280 104 60 et
657 1280 243 60 biographie
847 1280 121 60 des
899 1280 278 60 écuyers..

67 1333 189 56 4303.
193 1333 400 56 Augereau
530 1333 147 56 (le
614 1333 295 56 maréchal),
846 1333 147 56 duc
930 1333 126 56 de
993 1333 337 56 Castiglione.
1267 1333 189 56 Pièce
1372 1333 126 56 sig.

116 1374 202 57 comme
250 1374 224 57 membre
407 1374 135 57 du
475 1374 247 57 conseil
654 1374 157 57 des
744 1374 314 57 Cinq-Cents
991 1374 202 57 (sig.
1125 1374 202 57 aussi
1260 1374 157 57 par
1327 1374 180 57 Génis-

117 1425 192 64 sieu,
245 1425 299 64 président,
480 1425 321 64 Grandmaison
737 1425 171 64 fils
843 1425 128 64 et
908 1425 257 64 Pouret).
1100 1425 214 64 Paris,
1250 1425 128 64 27
1292 1425 214 64 messidor

98 1464 249 62 an
222 1464 332 62 VII.
429 1464 207 62 3
512 1464 249 62 p.
636 1464 456 62 in-fol.
968 1464 456 62 Cachet.
1300 1464 207 62 2
1341 1464 166 62 50

67 1509 177 72 4304.
186 1509 335 72 Avaray
461 1509 138 72 (le
540 1509 138 72 duc
619 1509 158 72 d’),
718 1509 138 72 ami
797 1509 118 72 de
856 1509 177 72 Louis
974 1509 197 72 XVIII.
1112 1509 118 72 L.
1171 1509 158 72 aut.
1270 1509 158 72 sig.
1348 1509 158 72 Paris,

97 1571 249 55 23
221 1571 332 55 juin
428 1571 373 55 1813.
677 1571 207 55 1
760 1571 249 55 p.
885 1571 290 55 pl.
1051 1571 373 55 in-4.
1300 1571 207 55 1
1341 1571 166 55 50

68 1614 188 58 4305.
193 1614 354 58 Bailly
485 1614 292 58 astronome,
714 1614 208 58 membre
860 1614 125 58 de
923 1614 292 58 l’Académie
1152 1614 292 58 française,
1360 1614 146 58 maire

119 1663 132 54 de
185 1663 220 54 Paris,
339 1663 154 54 mis
427 1663 110 54 à
471 1663 176 54 mort
581 1663 132 54 en
647 1663 198 54 1794.
779 1663 132 54 L.
845 1663 198 54 sig.,
977 1663 198 54 comme
1109 1663 198 54 maire
1241 1663 132 54 de
1307 1663 220 54 Paris,
1439 1663 66 54 à

117 1704 145 65 MM.
200 1704 124 65 du
262 1704 249 65 District
449 1704 124 65 de
511 1704 249 65 Corbeil.
698 1704 207 65 Paris,
843 1704 124 65 24
905 1704 166 65 juin
1009 1704 187 65 1791.
1133 1704 104 65 1
1174 1704 124 65 p.
1237 1704 145 65 pl.
1319 1704 124 65 et
1361 1704 145 65 demie

21 1750 1258 66 in-fol.
935 1750 572 66 2
1050 1750 457 66 50

68 1802 196 65 4306.
199 1802 414 65 Barnave,
547 1802 218 65 membre
700 1802 131 65 de
765 1802 327 65 l’Assemblée
1026 1802 370 65 constituante.
1331 1802 152 65 Sur
1396 1802 109 65 les

116 1849 314 65 assemblées
362 1849 359 65 provinciales
654 1849 157 65 qui
744 1849 247 65 devront
923 1849 292 65 délibérer
1147 1849 157 65 sur
1237 1849 157 65 une
1304 1849 202 65 réunion

113 1903 184 62 des
218 1903 499 62 Etats-Généraux.
638 1903 342 62 Manuscrit
901 1903 210 62 aut.
1032 1903 158 62 10
1111 1903 158 62 p.
1190 1903 289 62 in-fol.
1400 1903 131 62 8
1426 1903 79 62 »

69 1958 182 55 4307.
190 1958 344 55 Barras
474 1958 223 55 (Paul),
636 1958 364 55 conventionnel,
939 1958 202 55 membre
1081 1958 121 55 du
1142 1958 304 55 Directoire.
1364 1958 142 55 Pièce

117 1991 174 74 sig.
226 1991 326 74 Saint-Omer,
487 1991 130 74 14
552 1991 283 74 thermidor
770 1991 130 74 an
835 1991 174 74 III.
944 1991 109 74 2
987 1991 130 74 p.
1052 1991 196 74 in-4.
1183 1991 174 74 Tête
1292 1991 196 74 impr.
1400 1991 109 74 Vi-

85 2050 625 61 gnette.
540 2050 512 61 Jolie
881 2050 568 61 pièce.
1279 2050 284 61 3
1336 2050 171 61 »

68 2101 188 56 4308.
193 2101 376 56 Barrons
506 2101 146 56 (le
590 2101 230 56 général
757 2101 230 56 comte),
924 2101 167 56 l’un
1028 2101 146 56 des
1112 2101 188 56 juges
1237 2101 125 56 du
1299 2101 146 56 duc
1362 2101 146 56 d’En

122 2133 200 78 ghien.
262 2133 120 78 L.
322 2133 160 78 aut.
423 2133 180 78 sig.,
543 2133 120 78 au
603 2133 220 78 général
763 2133 200 78 Pajol.
904 2133 200 78 Paris,
1044 2133 120 78 28
1104 2133 160 78 déc.
1204 2133 180 78 1835.
1325 2133 100 78 1
1365 2133 120 78 p.
1405 2133 100 78 pl.

-14 2198 1368 53 in-4.
898 2198 760 53 2
1050 2198 456 53 »

71 2231 172 72 4309.
186 2231 402 72 Barthélemy
531 2231 192 72 poète,
665 2231 211 72 auteur,
818 2231 153 72 avec
914 2231 172 72 Méry,
1029 2231 115 72 de
1086 2231 172 72 La
1182 2231 326 72 Villéliade,

119 2280 168 61 etc.
224 2280 126 61 L.
287 2280 168 61 aut.
392 2280 168 61 sig.
497 2280 210 61 Paris,
644 2280 126 61 23
707 2280 168 61 août
812 2280 189 61 1847.
939 2280 105 61 1
981 2280 126 61 p.
1044 2280 147 61 pl.
1128 2280 189 61 in-8.
1254 2280 231 61 Cachet.
1422 2280 105 61 2
1443 2280 63 61 »

65 2328 185 69 4310.
189 2328 452 69 Beauharnais
580 2328 144 69 (la
662 2328 247 69 comtesse
847 2328 185 69 Fanny
970 2328 165 69 de),
1073 2328 206 69 poète.
1217 2328 123 69 L.
1279 2328 165 69 aut.
1361 2328 144 69 sig.,

108 2382 140 63 à
164 2382 224 63 M...
304 2382 280 63 Paris,
500 2382 140 63 9
556 2382 308 63 octobre
780 2382 252 63 1806.
947 2382 140 63 1
1003 2382 168 63 p.
1087 2382 196 63 pl.
1199 2382 252 63 in-4.
1367 2382 140 63 2
1395 2382 112 63 50

162 2438 213 54 Lettre
311 2438 341 54 intéressante
587 2438 128 54 en
651 2438 213 54 faveur
800 2438 128 54 de
864 2438 128 54 M.
928 2438 128 54 de
971 2438 255 54 Rastignac.

63 2474 194 96 4311.
193 2474 473 96 Beauvillier
601 2474 151 96 (le
687 2474 151 96 duc
773 2474 172 96 de),
881 2474 301 96 gouverneur
1118 2474 129 96 du
1182 2474 151 96 duc
1268 2474 129 96 de
1311 2474 194 96 Bourgo

115 2515 159 77 gne,
215 2515 119 77 de
274 2515 278 77 l’Académie
493 2515 278 77 française.
712 2515 119 77 L.
771 2515 159 77 avec
871 2515 119 77 un
930 2515 477 77 post-scriptum
1348 2515 119 77 de
1388 2515 119 77 neuf

111 2577 221 69 lignes
266 2577 177 69 aut.
377 2577 177 69 sig.
487 2577 111 69 3
532 2577 177 69 déc.
642 2577 199 69 1698.
775 2577 111 69 2
820 2577 133 69 p.
886 2577 155 69 pl.
975 2577 133 69 et
1041 2577 199 69 demie
1174 2577 199 69 in-4.
1285 2577 221 69 Intéres-

-6 2619 1375 65 Sante.
956 2619 688 65 6
1094 2619 413 65 »

61 2665 191 65 4312.
188 2665 446 65 Belgiojoso
570 2665 297 65 (Christine
804 2665 276 65 Kionskia,
1017 2665 276 65 princesse
1229 2665 170 65 de).
1335 2665 127 65 L.
1378 2665 127 65 aut.

103 2722 238 58 sig.,
261 2722 132 58 à
314 2722 212 58 M...
446 2722 264 58 Paris,
631 2722 159 58 15
711 2722 212 58 mars
843 2722 238 58 1843.
1002 2722 132 58 2
1054 2722 159 58 p.
1134 2722 185 58 pl.
1240 2722 238 58 in-8.
1398 2722 132 58 3
1425 2722 79 58 »

139 2757 137 78 En
208 2757 228 78 faveur
367 2757 159 78 des
458 2757 319 78 orphelines
709 2757 159 78 des
800 2757 205 78 sœurs
937 2757 137 78 de
982 2757 524 78 Saint

75 2821 278 83 «établies
288 2821 128 83 au
331 2821 321 83 Gros
