1649 2900
221 171 131 75 Au
287 171 196 75 sujet
417 171 131 75 de
482 171 131 75 la
548 171 305 75 décoration
787 171 131 75 de
853 171 131 75 la
918 171 174 75 loge
1027 171 131 75 du
1092 171 239 75 premier
1266 171 218 75 consul
1419 171 109 75 à
1440 171 131 75 l’O-

175 226 377 73 péra-Comique,
485 226 133 73 et
552 226 133 73 de
618 226 377 73 l’ameublement
929 226 133 73 du
995 226 200 73 salon
1128 226 155 73 qui
1217 226 155 73 est
1283 226 200 73 auprès.

127 273 185 69 4329.
251 273 390 69 Caradori
579 273 226 69 (Madame
743 273 205 69 Anna),
886 273 226 69 célèbre
1050 273 287 69 cantatrice
1276 273 287 69 italienne.
1481 273 82 69 L.

176 321 180 71 aut.
288 321 180 71 sig.
400 321 157 71 (en
490 321 292 71 italien).
715 321 270 71 Londres,
917 321 135 71 27
985 321 180 71 mars
1097 321 202 71 1854.
1232 321 112 71 2
1277 321 135 71 p.
1344 321 202 71 in-8.
1479 321 112 71 3
1502 321 67 71 »

129 377 180 63 4330.
249 377 340 63 Carafa
529 377 320 63 compositeur.
789 377 120 63 L.
849 377 160 63 aut.
949 377 180 63 sig.,
1069 377 100 63 à
1109 377 220 63 Wilhem.
1269 377 200 63 Paris,
1409 377 120 63 19
1449 377 120 63 jan-

159 417 306 70 vier
350 417 344 70 1842.
579 417 191 70 2
655 417 229 70 p.
770 417 344 70 in-8.
999 417 497 70 Musicale.
1381 417 191 70 2
1419 417 153 70 50

130 463 177 74 4331.
248 463 354 74 Cazotte
544 463 276 74 (Jacques),
760 463 177 74 poète
878 463 118 74 et
937 463 295 74 littérateur
1173 463 138 74 Mis
1252 463 98 74 à
1291 463 157 74 mort
1390 463 118 74 en
1429 463 138 74 1792,

176 531 180 65 Deux
289 531 293 65 fragments
514 531 315 65 d'histoire
762 531 135 65 et
830 531 135 65 de
897 531 360 65 philosophie,
1190 531 270 65 découpés
1393 531 135 65 de
1438 531 135 65 deux

166 565 308 78 pages
371 565 308 78 in-4.
577 565 446 78 Ensemble,
920 565 206 78 35
1023 565 343 78 lignes
1263 565 274 78 aut.
1434 565 171 78 3
1468 565 103 78 »

132 612 221 77 43.42.
287 612 553 77 Charbonnières,
774 612 221 77 poète,
928 612 221 77 auteur
1083 612 332 77 dramatique,
1349 612 221 77 parent
1482 612 89 77 de

182 672 208 64 l’abbé
328 672 249 64 Delille.
515 672 125 64 L.
577 672 166 64 aut.
681 672 187 64 sig.,
805 672 125 64 au
868 672 249 64 ministre
1055 672 229 64 Crétet.
1221 672 208 64 Paris,
1366 672 104 64 2
1387 672 187 64 février

143 707 585 71 1808.
533 707 325 71 3
663 707 390 71 p.
858 707 585 71 in-4.
1248 707 325 71 2
1313 707 260 71 50

140 751 190 77 4333.
267 751 296 77 Chardon
499 751 127 77 de
562 751 127 77 la
626 751 359 77 Rochette,
921 751 317 77 helléniste.
1175 751 127 77 L.
1238 751 127 77 a.
1301 751 148 77 s.,
1386 751 148 77 àM.
1449 751 127 77 Fir-

184 806 157 74 min
273 806 224 74 Didot.
430 806 224 74 Paris,
588 806 112 74 8
632 806 247 74 octobre
812 806 202 74 1792.
947 806 112 74 1
991 806 135 74 p.
1059 806 157 74 pl.
1149 806 135 74 et
1216 806 202 74 demie
1351 806 180 74 in-4
1463 806 112 74 2
1485 806 90 74 50

139 855 175 73 4334.
255 855 369 73 Charlet,
566 855 291 73 dessinateur
799 855 116 73 et
857 855 233 73 peintre.
1031 855 194 73 Billet
1167 855 155 73 aut.
1264 855 175 73 sig.,
1381 855 97 73 à
1420 855 136 73 son
1478 855 97 73 ami

175 901 343 74 Carly.
415 901 343 74 Petite
654 901 274 74 page
826 901 274 74 in-8
997 901 206 74 en
1100 901 411 74 travers.
1408 901 171 74 2
1442 901 137 74 50

236 940 299 78 Descendant
470 940 128 78 de
534 940 213 78 garde,
683 940 128 78 et
747 940 192 78 ayant
875 940 213 78 besoin
1025 940 128 78 de
1089 940 235 78 rentrer
1259 940 128 78 au
1323 940 171 78 toit
1408 940 171 78 conju-

189 1017 159 72 gal,
288 1017 119 72 il
348 1017 119 72 le
408 1017 159 72 prie
507 1017 119 72 de
566 1017 179 72 faire
685 1017 119 72 sa
725 1017 159 72 ronde.

141 1036 184 97 4335.
263 1036 368 97 Chasles
570 1036 327 97 (Philarète),
836 1036 327 97 littérateur.
1102 1036 123 97 L.
1164 1036 164 97 aut.
1266 1036 184 97 sig.,
1389 1036 102 97 4
1430 1036 164 97 mai.
1512 1036 61 97 3

167 1084 274 87 p.
304 1084 410 87 petit
578 1084 456 87 in-18.
897 1084 593 87 Curieuse.
1353 1084 228 87 1
1399 1084 182 87 50

141 1136 199 70 4336.
274 1136 531 70 Châteaubriand
739 1136 155 70 (le
827 1136 244 70 vicomte
1004 1136 177 70 de),
1115 1136 221 70 membre
1270 1136 133 70 de
1314 1136 266 70 l’Académie

192 1210 289 58 française.
419 1210 124 58 L.
481 1210 186 58 aut.,
605 1210 103 58 à
646 1210 124 58 M.
708 1210 268 58 Hyacinthe
915 1210 248 58 Pilorge.
1100 1210 248 58 Noisiel,
1286 1210 103 58 9
1327 1210 186 58 sept.
1431 1210 144 58 1818.

164 1238 253 72 1
266 1238 303 72 p.
417 1238 354 72 pl.
619 1238 303 72 et
771 1238 455 72 demie
1074 1238 455 72 in-8.
1377 1238 253 72 3
1427 1238 152 72 »

145 1276 199 81 4337.
277 1276 530 81 Châteaubriand
741 1276 155 81 (le
829 1276 243 81 vicomte
1006 1276 177 81 de),
1116 1276 221 81 membre
1271 1276 132 81 de
1315 1276 265 81 l’Académie

198 1349 289 55 française.
425 1349 124 55 Sa
487 1349 268 55 signature
694 1349 124 55 au
756 1349 144 55 bas
838 1349 165 55 d’un
941 1349 227 55 extrait
1106 1349 124 55 de
1168 1349 124 55 la
1230 1349 206 55 Charte
1354 1349 227 55 constitu-

197 1379 281 79 tionnelle
414 1379 130 79 de
479 1379 195 79 1814,
609 1379 238 79 délivré
782 1379 173 79 pour
890 1379 195 79 copie
1020 1379 281 79 conforme,
1237 1379 195 79 comme
1345 1379 238 79 président

197 1441 126 65 de
260 1441 336 65 l’assemblée.
533 1441 105 65 1
575 1441 168 65 page
680 1441 294 65 très-grand
912 1441 231 65 in-fol.
1080 1441 252 65 Quelques
1269 1441 294 65 déchirures
1479 1441 105 65 par

132 1502 598 50 des
473 1502 1025 50 cachets.
1242 1502 427 50 5
1327 1502 256 50 »

149 1519 196 77 4338.
280 1519 500 77 Chateaubrun,
715 1519 218 77 poète.
867 1519 131 77 L.
932 1519 174 77 aut.
1041 1519 196 77 sig.,
1172 1519 109 77 à
1215 1519 131 77 M.
1280 1519 283 77 Trudaine.
1476 1519 109 77 La-

188 1581 260 66 val,
350 1581 195 66 13
447 1581 390 66 novembre
740 1581 292 66 1776.
934 1581 162 66 3
999 1581 195 66 p.
1097 1581 227 66 pl.
1227 1581 292 66 in-4.
1422 1581 162 66 3
1454 1581 130 66 50

247 1638 125 55 Au
310 1638 188 55 sujet
435 1638 125 55 de
498 1638 125 55 la
561 1638 251 55 mauvaise
749 1638 272 55 viabilité
958 1638 125 55 de
1021 1638 125 55 la
1083 1638 188 55 ville
1209 1638 125 55 de
1271 1638 209 55 Laval,
1418 1638 125 55 et
1460 1638 125 55 sur-

203 1677 170 71 tout
309 1677 149 71 des
394 1677 170 71 rues
501 1677 149 71 qui
586 1677 298 71 prolongent
820 1677 149 71 les
905 1677 213 71 routes
1054 1677 128 71 de
1118 1677 213 71 Paris,
1267 1677 128 71 du
1331 1677 192 71 Mans,
1437 1677 149 71 Tours

203 1737 127 57 et
266 1737 212 57 Angers
414 1737 106 57 à
457 1737 191 57 celle
584 1737 127 57 de
626 1737 233 57 Bretagne.

154 1763 195 73 4339.
284 1763 412 73 Chélard
632 1763 347 73 compositeur.
914 1763 130 73 L.
979 1763 174 73 aut.
1087 1763 195 73 sig.,
1217 1763 108 73 à
1261 1763 239 73 Wilhem.
1412 1763 174 73 Paris,

189 1832 195 56 25
287 1832 260 56 mars
450 1832 293 56 1825.
645 1832 163 56 1
710 1832 195 56 p.
807 1832 228 56 pl.
938 1832 293 56 in-8.
1133 1832 423 56 Musicale.
1458 1832 163 56 2
1490 1832 98 56 »

156 1860 198 79 4340.
288 1860 439 79 Chérubini
661 1860 176 79 (Mme
771 1860 220 79 Cécile
924 1860 176 79 T.),
1034 1860 198 79 femme
1166 1860 132 79 du
1232 1860 351 79 compositeur.
1495 1860 88 79 L.

202 1925 176 56 aut.
312 1925 198 56 sig.,
444 1925 110 56 à
488 1925 242 56 Wilhem.
664 1925 220 56 Paris.
818 1925 110 56 4
862 1925 242 56 juillet
1038 1925 198 56 1839.
1170 1925 110 56 1
1214 1925 132 56 p.
1280 1925 154 56 pl.
1368 1925 198 56 in-8.
1500 1925 110 56 2
1522 1925 66 56 »

154 1981 205 59 4341.
291 1981 342 59 Choiseul
564 1981 365 59 Gouffier
861 1981 160 59 (le
952 1981 205 59 comte
1089 1981 182 59 de),
1203 1981 228 59 membre
1362 1981 137 59 de
1408 1981 182 59 l’Aca-

203 2004 212 79 démie
345 2004 329 79 française.
603 2004 141 79 L.
674 2004 188 79 aut.
791 2004 188 79 sig.
909 2004 118 79 6
956 2004 188 79 mars
1074 2004 212 79 1810.
1215 2004 118 79 1
1262 2004 141 79 p.
1332 2004 212 79 in-4.
1473 2004 118 79 1
1497 2004 94 79 50

156 2055 208 74 4342.
295 2055 324 74 Clausel
549 2055 139 74 de
619 2055 347 74 Montals
897 2055 532 74 (Claude-Hippolyte),
1360 2055 231 74 évêque
1498 2055 93 74 de

205 2117 280 51 Chartres,
421 2117 129 51 L.
486 2117 173 51 aut.
594 2117 194 51 sig.,
723 2117 108 51 à
766 2117 129 51 M.
831 2117 216 51 Egron.
982 2117 280 51 Chartres,
1198 2117 129 51 15
1262 2117 151 51 mai
1349 2117 194 51 1832.
1478 2117 108 51 2
1500 2117 86 51 p.

197 2157 227 84 pl.
326 2157 195 84 et
424 2157 292 84 quart
619 2157 292 84 in-4.
814 2157 455 84 Très-belle
1171 2157 357 84 lettre.
1431 2157 162 84 7
1463 2157 130 84 50

256 2196 142 86 Ses
337 2196 284 86 sentiments
560 2196 162 86 pour
661 2196 142 86 lui
742 2196 324 86 s’expliquent
1006 2196 304 86 facilement.
1249 2196 142 86 Ils
1330 2196 142 86 ont
1391 2196 203 86 guerroyé

208 2255 248 65 ensemble
395 2255 228 65 pendant
560 2255 269 65 plusieurs
767 2255 228 65 années;
933 2255 124 65 et
995 2255 207 65 certes
1140 2255 145 65 ils
1222 2255 124 65 se
1285 2255 269 65 battaient
1471 2255 124 65 pour

211 2309 144 58 une
294 2309 186 58 noble
418 2309 206 58 cause,
562 2309 186 58 celle
686 2309 144 58 qui
769 2309 248 58 comprend
954 2309 206 58 toutes
1099 2309 144 58 les
1181 2309 227 58 vérités
1346 2309 124 58 et
1408 2309 165 58 tous
1491 2309 103 58 les

207 2356 201 56 vrais
341 2356 269 56 intérêis
542 2356 134 56 de
609 2356 269 56 l’homme.
811 2356 157 56 «De
900 2356 201 56 plus,
1035 2356 179 56 nous
1146 2356 313 56 répandions
1370 2356 224 56 beaucoup

210 2396 273 63 «d’encre
415 2396 137 63 et
483 2396 205 63 point
620 2396 137 63 de
688 2396 205 63 sang.
825 2396 228 63 Aucune
984 2396 182 63 idée
1098 2396 250 63 pénible
1280 2396 137 63 ni
1349 2396 250 63 funèbre
1508 2396 91 63 ne

208 2441 160 77 «se
299 2441 182 77 mèle
413 2441 182 77 donc
527 2441 137 77 au
596 2441 274 77 souvenir
801 2441 137 77 de
869 2441 205 77 cette
1006 2441 251 77 guerre.
1189 2441 137 77 La
1257 2441 319 77 conformité
1485 2441 114 77 des

212 2497 316 70 «sentiments
465 2497 148 70 sur
549 2497 148 70 les
633 2497 253 70 articles
823 2497 316 70 essentiels,
1076 2497 190 70 voilà
1203 2497 126 70 le
1266 2497 190 70 grand
1371 2497 232 70 fondement

202 2541 193 68 «des
322 2541 337 68 sympathies
587 2541 289 68 humaines
804 2541 193 68 pour
925 2541 145 68 me
997 2541 241 68 servir
1165 2541 145 68 du
1238 2541 169 68 mot
1334 2541 120 68 à
1382 2541 145 68 la
1430 2541 169 68 mode,

211 2602 192 56 «Or,
331 2602 455 56 Saint-Augustin,
714 2602 192 56 dans
834 2602 144 56 le
906 2602 192 56 plus
1025 2602 239 56 fameux
1193 2602 144 56 de
1265 2602 168 56 ses
1337 2602 263 56 ouvrages,

212 2639 168 65 «dit
317 2639 147 65 que
401 2639 126 65 le
465 2639 190 65 monde
591 2639 147 65 fut
675 2639 211 65 divisé
823 2639 126 65 en
886 2639 168 65 deux
991 2639 211 65 cités:
1139 2639 126 65 la
1202 2639 168 65 cité
1307 2639 126 65 de
1370 2639 168 65 Dieu
1476 2639 126 65 et
1518 2639 84 65 la

210 2690 206 59 «cité
347 2690 137 59 du
416 2690 228 59 démon.
576 2690 183 59 Nous
690 2690 343 59 appartenons
964 2690 114 59 à
1009 2690 137 59 la
1078 2690 297 59 première,
1306 2690 160 59 par
1398 2690 160 59 nos
1466 2690 137 59 vifs

212 2738 229 60 «désirs
378 2738 125 60 et
441 2738 145 60 par
524 2738 187 60 notre
648 2738 166 60 foi.
752 2738 125 60 Il
815 2738 145 60 est
898 2738 166 60 donc
1002 2738 166 60 tout
1105 2738 208 60 simple
1251 2738 145 60 que
1334 2738 166 60 nous
1417 2738 187 60 sovions

214 2775 202 100 «unis
348 2775 180 100 dans
460 2775 157 100 les
550 2775 202 100 mêmes
685 2775 314 100 affections
932 2775 135 100 et
999 2775 180 100 dans
1111 2775 157 100 les
1201 2775 202 100 mêmes
1336 2775 202 100 vues.
1448 2775 157 100 Voilà
