1563 2922
623 52 180 97 —
695 52 252 97 362
803 52 108 97 —

102 146 158 97 tes
193 146 113 97 à
238 146 135 97 la
305 146 248 97 raison:
485 146 113 97 —
530 146 158 97 Une
620 146 225 97 lettre
778 146 135 97 de
845 146 270 97 Chartres
1048 146 225 97 marque
1205 146 158 97 que
1295 146 135 97 le
1340 146 158 97 sémi-

103 227 184 68 naire
225 227 123 68 de
287 227 184 68 cette
410 227 184 68 ville
533 227 184 68 ayant
656 227 143 68 été
738 227 205 68 acheté
881 227 143 68 par
963 227 307 68 différentes
1209 227 266 68 personnes
1394 227 102 68 qui

100 272 157 50 ont
189 272 157 50 cru
279 272 247 50 trouver
459 272 135 50 un
527 272 270 50 avantage
729 272 180 50 dans
842 272 382 50 l’acquisition
1157 272 135 50 de
1224 272 135 50 ce
1292 272 180 50 bien
1382 272 112 50 na-

104 316 228 59 tional,
270 316 124 59 se
332 316 124 59 le
395 316 166 59 sont
498 316 249 59 partagé.
685 316 104 59 —
727 316 124 59 On
789 316 104 59 a
830 316 166 59 tiré
934 316 124 59 du
996 316 270 59 cimetière
1204 316 124 59 le
1266 316 187 59 corps
1370 316 124 59 d’un

102 368 218 73 ancien
255 368 239 73 évêque,
429 368 174 73 mort
537 368 174 73 avec
646 368 131 73 la
712 368 174 73 plus
820 368 218 73 grande
973 368 305 73 réputation
1212 368 131 73 de
1277 368 218 73 piété.
1408 368 87 73 On

100 414 197 54 s’est
231 414 197 54 amusé
362 414 109 54 à
406 414 240 54 séparer
581 414 153 54 les
668 414 284 54 ossements
886 414 131 54 de
952 414 131 54 ce
1017 414 240 54 cadavre
1192 414 197 54 digne
1323 414 131 54 de
1367 414 131 54 res-

101 472 188 61 pect,
226 472 125 61 on
289 472 125 61 se
351 472 146 61 les
435 472 208 61 jetait
580 472 104 61 à
622 472 125 61 la
685 472 292 61 physinomie
914 472 146 61 par
997 472 229 61 manière
1164 472 125 61 de
1205 472 292 61 badinage....

101 529 109 51 —
145 529 131 51 Le
210 529 327 51 prédicateur
472 529 218 51 jureur
625 529 109 51 a
668 529 327 51 Notre-Dame,
930 529 131 51 et
995 529 262 51 l’évêque
1170 529 327 51 constitution-

104 558 143 64 nel
185 558 123 64 de
247 558 205 64 Paris.
390 558 102 64 —
431 558 123 64 Le
492 558 246 64 journal:
676 558 184 64 La
799 558 205 64 grande
943 558 205 64 colère
1086 558 123 64 du
1147 558 164 64 Père
1229 558 266 64 Duchène

101 610 179 63 vient
221 610 120 63 de
280 610 259 63 paraître,
480 610 179 63 etc.,
579 610 120 63 etc.

54 624 187 102 4427.
179 624 374 102 Léotard
491 624 187 102 (P.),
615 624 208 102 auteur
761 624 312 102 dramatique.
1010 624 125 102 L.
1072 624 166 102 aut.
1176 624 166 102 sig.
1280 624 125 102 24
1322 624 166 102 avril,

104 707 105 54 1
146 707 126 54 p.
209 707 189 54 in-8.
335 707 105 54 —
377 707 378 54 Léotard
692 707 231 54 (madame
859 707 252 54 Sophie),
1048 707 336 54 littérateur.
1321 707 126 54 L.
1363 707 126 54 aut.

83 752 323 70 sig.
285 752 242 70 21
406 752 323 70 juin
608 752 363 70 1840.
850 752 202 70 1
931 752 242 70 p.
1052 752 363 70 in-4.
1294 752 202 70 1
1334 752 162 70 50

54 794 190 76 4428.
181 794 190 76 Le
308 794 317 76 Trosne,
562 794 317 76 économiste.
816 794 127 76 L.
879 794 169 76 aut.
985 794 190 76 sig.,
1112 794 106 76 à
1154 794 127 76 M.
1218 794 190 76 M...,
1324 794 169 76 Paris,

81 848 291 71 1er
248 848 333 71 juin
456 848 374 71 1778.
705 848 208 71 4
789 848 291 71 gr.
955 848 250 71 p.
1080 848 374 71 in-4.
1330 848 208 71 3
1371 848 125 71 »

151 894 119 67 Au
211 894 178 67 sujet
329 894 119 67 de
389 894 257 67 l’affaire
587 894 119 67 du
646 894 139 67 jeu
725 894 119 67 de
785 894 158 67 fief
883 894 277 67 d’Orléans,
1101 894 139 67 qui
1180 894 99 67 a
1220 894 139 67 été
1299 894 198 67 portée
1418 894 79 67 au

103 933 257 73 Conseil.
295 933 129 73 Ce
360 933 193 73 qu’il
488 933 107 73 y
531 933 107 73 a
574 933 107 73 à
617 933 193 73 faire
745 933 171 73 pour
852 933 236 73 obtenir
1024 933 129 73 un
1088 933 257 73 jugement
1259 933 236 73 favorable

103 993 221 65 contre
258 993 133 65 le
324 993 155 65 duc
413 993 310 65 d’Orléans.
656 993 111 65 —
701 993 354 65 Consultation
989 993 111 65 à
1033 993 199 65 faire
1166 993 244 65 rédiger
1343 993 111 65 —
1365 993 133 65 Eco-

101 1041 206 62 nomie
238 1041 114 62 à
284 1041 206 62 faire
421 1041 160 62 sur
513 1041 160 62 les
605 1041 206 62 boues
742 1041 137 62 et
811 1041 160 62 les
902 1041 297 62 lanternes
1131 1041 320 62 d’Orléans,
1360 1041 137 62 sup-

102 1088 256 72 pression
294 1088 149 72 des
379 1088 277 72 bouchers,
571 1088 128 72 etc.

56 1131 185 76 4429.
180 1131 349 76 Lisboa
467 1131 144 76 (le
550 1131 226 76 marquis
714 1131 164 76 de),
817 1131 308 76 ambassadeur
1063 1131 123 76 du
1125 1131 144 76 roi
1207 1131 123 76 de
1269 1131 247 76 Portugal
1433 1131 62 76 à

101 1178 233 58 Paris.
264 1178 140 58 L.
333 1178 186 58 aut.
450 1178 186 58 sig.
566 1178 233 58 Paris,
729 1178 279 58 dimanche
938 1178 256 58 matin..
1125 1178 116 58 1
1171 1178 140 58 p.
1241 1178 209 58 in-8.
1381 1178 116 58 1
1404 1178 93 58 50

57 1216 181 81 4430.
177 1216 321 81 Litta
438 1216 140 81 (le
518 1216 181 81 comte
639 1216 221 81 Jules),
799 1216 301 81 compositeur
1040 1216 120 81 et
1100 1216 201 81 auteur
1240 1216 120 81 de
1280 1216 221 81 plusieurs

106 1284 205 63 opéras
249 1284 143 63 qui
331 1284 143 63 ont
412 1284 143 63 ête
494 1284 184 63 joués
617 1284 143 63 sur
699 1284 266 63 plusieurs
904 1284 246 63 théâtres
1088 1284 266 63 d’Italie,
1292 1284 123 63 de
1333 1284 164 63 Russie

106 1329 132 62 et
172 1329 375 62 d’Angleterre.
481 1329 132 62 L.
548 1329 177 62 aut.
658 1329 177 62 sig.
768 1329 155 62 (en
857 1329 287 62 italien).
1077 1329 221 62 Turin,
1232 1329 132 62 29
1276 1329 221 62 décembre

56 1374 619 53 1853.
469 1374 344 53 1
607 1374 413 53 p.
813 1374 619 53 in-8.
1226 1374 344 53 2
1295 1374 206 53 »

58 1404 178 94 4431.
177 1404 376 94 Lonsdale
493 1404 217 94 (lord),
651 1404 237 94 illustre
829 1404 119 94 et
888 1404 237 94 généreux
1066 1404 277 94 protecteur
1284 1404 138 94 des
1343 1404 158 94 artis-

107 1474 157 62 tes
196 1474 360 62 dramatiques.
489 1474 135 62 L.
556 1474 180 62 aut.
668 1474 202 62 sig.,
803 1474 112 62 à
848 1474 270 62 Benelli.
1050 1474 270 62 Londres,
1253 1474 135 62 16
1298 1474 202 62 octobre

85 1519 375 60 1854.
335 1519 208 60 1
418 1519 250 60 p.
543 1519 291 60 pl.
710 1519 250 60 et
835 1519 375 60 demie
1085 1519 375 60 in-8.
1334 1519 208 60 5
1376 1519 125 60 »

154 1562 126 63 Il
217 1562 126 63 le
280 1562 251 63 remercie
468 1562 126 63 de
531 1562 126 63 sa
594 1562 251 63 nouvelle
783 1562 126 63 du
845 1562 210 63 départ
992 1562 189 63 subit
1118 1562 126 63 de
1181 1562 168 63 Mlle
1265 1562 230 63 Cruvelli.

107 1622 218 63 «C’est
260 1622 153 63 une
347 1622 218 63 folle.
499 1622 174 63 Elle
608 1622 153 63 est
696 1622 153 63 une
783 1622 218 63 espèce
935 1622 131 63 de
1001 1622 174 63 Lola
1110 1622 240 63 Montès,
1284 1622 174 63 elle
1371 1622 131 63 fait

107 1668 284 67 «toujours
325 1668 153 67 des
413 1668 393 67 extravagances,
740 1668 174 67 mais
849 1668 174 67 elle
958 1668 153 67 est
1045 1668 196 67 bonne
1176 1668 196 67 fille
1307 1668 131 67 au
1350 1668 153 67 fond,

109 1716 148 49 «et
193 1716 127 49 si
257 1716 169 49 elle
362 1716 190 49 avait
489 1716 127 49 un
552 1716 148 49 ami
637 1716 127 49 de
700 1716 148 49 bon
785 1716 190 49 sens,
912 1716 169 49 elle
1017 1716 169 49 sera
1123 1716 338 49 parfaitement
1376 1716 127 49 gui-

111 1764 199 65 «dée.
244 1764 133 65 Le
310 1764 199 65 grand
443 1764 244 65 théâtre
620 1764 221 65 manque
775 1764 155 65 des
864 1764 288 65 artistes,
1085 1764 133 65 et
1152 1764 155 65 Mme
1240 1764 221 65 Stoltz
1373 1764 133 65 sera

107 1815 206 68 «plus
244 1815 366 68 apprécié....
519 1815 69 68 »

62 1834 160 90 4432.
169 1834 338 90 Loriquet
454 1834 125 90 (le
525 1834 178 90 père),
650 1834 214 90 jésuite,
810 1834 178 90 auteur
934 1834 160 90 d’une
1041 1834 267 90 Histoire
1255 1834 107 90 de
1290 1834 214 90 France

109 1911 110 58 à
153 1911 243 58 l’usage
330 1911 155 58 des
418 1911 331 58 Séminaires.
683 1911 309 58 Certificat
926 1911 265 58 d’études
1125 1911 177 58 aut.
1236 1911 199 58 sig.,
1346 1911 155 58 comme

106 1951 303 62 supérieur
339 1951 140 62 du
408 1951 442 62 Petit-Séminaire
781 1951 140 62 de
851 1951 396 62 Saint-Acheul.
1154 1951 349 62 Saint

83 2003 229 49 7
175 2003 367 49 nov.
404 2003 413 49 1820.
679 2003 504 49 Demi-p.
1046 2003 413 49 in-4.
1321 2003 229 49 2
1367 2003 138 49 »

57 2043 207 71 4433.
195 2043 275 71 Louis
401 2043 275 71 XVI
608 2043 161 71 roi
700 2043 138 71 de
769 2043 252 71 France,
952 2043 207 71 Pièce
1090 2043 207 71 sig.,
1228 2043 161 71 sur
1296 2043 207 71 papier,

110 2107 175 63 pour
219 2107 131 63 le
285 2107 262 63 payement
481 2107 131 63 au
547 2107 197 63 sieur
678 2107 306 63 Bartouilh,
918 2107 284 63 concierge
1137 2107 131 63 de
1180 2107 328 63 l’appartement

114 2147 125 54 de
177 2147 125 54 la
239 2147 208 54 reine,
384 2147 125 54 de
447 2147 125 54 la
509 2147 187 54 somme
634 2147 125 54 de
696 2147 187 54 3,453
821 2147 166 54 liv.
925 2147 125 54 16
987 2147 187 54 sols,
1112 2147 166 54 pour
1216 2147 166 54 être
1299 2147 208 54 employée

108 2198 137 53 au
177 2198 275 53 payement
383 2198 206 53 dudit
520 2198 366 53 appartement,
818 2198 252 53 pendant
1001 2198 137 53 le
1069 2198 275 53 quartier
1252 2198 252 53 d’octobre

100 2252 269 51 1791.
280 2252 299 51 Paris,
489 2252 179 51 27
579 2252 329 51 janvier
818 2252 269 51 1792.
997 2252 150 51 1
1057 2252 179 51 p.
1147 2252 329 51 in-fol.
1386 2252 150 51 8
1416 2252 90 51 »

61 2290 188 68 4434.
187 2290 440 68 Louis-Philippe
564 2290 251 68 Ier,
752 2290 147 68 roi
836 2290 147 68 des
920 2290 272 68 Français.
1129 2290 126 68 L.
1192 2290 188 68 aut.,
1318 2290 105 68 à
1338 2290 168 68 l’abbé

111 2346 132 45 de
177 2346 331 45 Saint-Phar.
442 2346 331 45 Cheltenham,
707 2346 132 45 16
773 2346 177 45 août
883 2346 199 45 1816.
1016 2346 110 45 2
1060 2346 154 45 gr.
1148 2346 132 45 p.
1214 2346 132 45 pl
1280 2346 132 45 et
1324 2346 177 45 quart.

-8 2388 1242 58 in-4.
820 2388 828 58 20
1096 2388 414 58 »

164 2446 173 58 ....
273 2446 173 58 «Vos
381 2446 238 58 dettes,
554 2446 151 58 mon
640 2446 173 58 cher
749 2446 195 58 abbé,
878 2446 130 58 me
943 2446 303 58 paraissent
1181 2446 130 58 le
1246 2446 238 58 tonneau
1398 2446 108 58 des

111 2496 291 50 «Danaïdes,
340 2496 125 50 et
402 2496 125 50 je
465 2496 250 50 voudrais
652 2496 166 50 fort
756 2496 291 50 contribuer
985 2496 104 50 à
1027 2496 229 50 boucher
1193 2496 166 50 tous
1297 2496 146 50 les
1359 2496 146 50 trous

112 2538 155 51 «de
200 2538 133 51 ce
267 2538 310 51 malheureux
510 2538 265 51 tonneau,
709 2538 177 51 mais
820 2538 133 51 je
886 2538 177 51 n’en
996 2538 177 51 vois
1107 2538 199 51 guère
1240 2538 155 51 les
1306 2538 199 51 moyens,

110 2589 160 52 «et
202 2589 366 52 l’entreprise
499 2589 320 52 m’effraye.
751 2589 183 52 J’ai
865 2589 275 52 toujours
1071 2589 160 52 été
1163 2589 206 52 réglé
1300 2589 206 52 comme
1414 2589 92 52 un

113 2642 243 53 «papier
290 2642 133 53 de
356 2642 265 53 musique,
555 2642 133 53 et
621 2642 221 53 quelle
776 2642 221 53 qu'ait
930 2642 155 53 été
1019 2642 133 53 ma
1085 2642 265 53 fortune,
1284 2642 177 53 j’ai
1372 2642 133 53 soi-

114 2681 332 58 «gneusement
379 2681 265 58 conservé
578 2681 199 58 cette
711 2681 287 58 habitude,
932 2681 221 58 aussi,
1087 2681 177 58 dans
1197 2681 133 58 ce
1242 2681 265 58 moment

119 2736 125 53 «je
190 2736 160 53 règle
297 2736 107 53 ma
351 2736 196 53 dépense
494 2736 357 53 d’avance
797 2736 125 53 par
868 2736 107 53 un
922 2736 339 53 budjet,
1207 2736 107 53 et
1260 2736 107 53 je
1314 2736 107 53 ne
1350 2736 160 53 dispose

116 2782 180 78 «que
228 2782 135 78 de
295 2782 315 78 l’excédent
543 2782 157 78 que
632 2782 135 78 je
700 2782 135 78 me
767 2782 270 78 réserve.
970 2782 157 78 Or,
1059 2782 157 78 mon
1149 2782 180 78 cher
1262 2782 202 78 abbé,
1374 2782 135 78 vous
