1651 2888
651 68 186 89 —
725 68 260 89 364
837 68 111 89 —

125 145 206 83 lettre
269 145 144 83 est
352 145 206 83 jointe
496 145 185 83 celle
619 145 123 83 du
681 145 226 83 général
846 145 206 83 Pouget
990 145 123 83 au
1052 145 206 83 prince
1196 145 123 83 (3
1257 145 123 83 p.
1299 145 226 83 in

119 219 191 59 et
215 219 319 59 l’état
438 219 191 59 de
534 219 223 59 ses
662 219 415 59 services.
981 219 160 59 1
1044 219 191 59 p.
1140 219 351 59 in-fol.
1395 219 160 59 6
1427 219 96 59 »

80 243 200 75 4454.
213 243 377 75 Merle
524 243 178 75 mari
635 243 133 75 de
701 243 222 75 madame
857 243 244 75 Dorval,
1035 243 222 75 auteur
1190 243 333 75 dramatique.
1434 243 89 75 L.

120 310 230 62 aut.
264 310 230 62 sig.
407 310 143 62 3
465 310 258 62 mars.
637 310 143 62 1
694 310 172 62 p.
780 310 201 62 pl.
895 310 258 62 in-8.
1067 310 402 62 Théâtrale.
1383 310 143 62 1
1411 310 115 62 50

81 355 176 70 4455.
199 355 390 70 Mitouflet
530 355 137 70 (de
609 355 273 70 Beauvoir),
823 355 312 70 littérateur,
1077 355 195 70 poète.
1214 355 117 70 L.
1272 355 156 70 aut.
1370 355 176 70 sig.,
1467 355 59 70 à

129 401 137 65 M.
198 401 229 65 l’abbé
358 401 137 65 de
427 401 252 65 Phocas.
610 401 114 65 3
655 401 137 65 p.
724 401 160 65 pl.
816 401 183 65 in-4
930 401 160 65 (La
1022 401 183 65 plus
1136 401 229 65 grande
1296 401 229 65 partie
1433 401 92 65 en

24 457 1252 64 vers).
900 457 626 64 1
1025 457 501 64 50

84 480 185 88 4456.
208 480 392 88 Mocheles
538 480 268 88 (Ignace),
744 480 227 88 célèbre
909 480 247 88 pianiste
1094 480 124 88 et
1156 480 309 88 compositeur
1383 480 144 88 alle

131 552 196 81 mand.
262 552 131 81 L.
327 552 174 81 aut.
436 552 174 81 sig.
545 552 153 81 (en
632 552 305 81 allemand),
872 552 109 81 à
916 552 131 81 M.
981 552 349 81 Schlesinger.
1264 552 262 81 Londres,
1439 552 87 81 28

125 600 291 56 janvier
336 600 238 56 1831.
495 600 132 56 1
548 600 159 56 p.
628 600 238 56 in-4.
787 600 238 56 Jolie
945 600 265 56 lettre
1131 600 344 56 musicale.
1396 600 132 56 3
1422 600 106 56 50

85 635 203 82 4457.
221 635 631 82 Molé-Gentilhomme,
784 635 360 82 littérateur.
1077 635 135 82 L.
1144 635 180 82 aut.
1257 635 180 82 sig.
1347 635 180 82 Paris,

107 696 284 69 12
249 696 379 69 mars
485 696 426 69 1853.
769 696 237 69 1
864 696 284 69 p.
1006 696 426 69 in-8.
1290 696 237 69 1
1338 696 189 69 50

85 731 188 88 4458.
210 731 334 88 Monge
482 731 293 88 (Gaspard),
712 731 188 88 comte
837 731 125 88 de
900 731 230 88 Péluze,
1067 731 209 88 savant
1193 731 334 88 mathématicien,

135 792 250 60 ministre
322 792 125 60 de
385 792 125 60 la
447 792 229 60 marine.
614 792 166 60 Deux
718 792 208 60 copies
863 792 312 60 certifiées,
1113 792 229 60 signées
1279 792 146 60 par
1363 792 166 60 lui,
1446 792 83 60 et

135 842 172 55 deux
242 842 236 55 lettres
413 842 236 55 signées
585 842 129 55 du
649 842 193 55 même,
778 842 193 55 comme
907 842 257 55 ministre
1100 842 129 55 de
1164 842 129 55 la
1229 842 236 55 marine,
1400 842 107 55 à
1422 842 107 55 son

137 891 245 58 collègue
320 891 123 58 de
382 891 123 58 la
443 891 225 58 guerre,
606 891 143 58 par
688 891 286 58 lesquelles
912 891 123 58 il
974 891 143 58 lui
1055 891 204 58 envoie
1198 891 143 58 les
1280 891 163 58 deux
1362 891 163 58 pièces

136 933 321 57 certifiées.
392 933 235 57 Février
563 933 128 57 et
628 933 171 57 mars
735 933 193 57 1793.
863 933 107 57 2
906 933 128 57 p.
970 933 171 57 in-4
1077 933 128 57 et
1141 933 107 57 2
1184 933 128 57 p.
1248 933 235 57 in-fol.
1419 933 128 57 16
1462 933 64 57 »

182 980 218 60 Pièces
335 980 479 60 très-intéressantes
748 980 152 60 sur
835 980 152 60 les
922 980 261 60 craintes
1118 980 196 60 d’une
1248 980 261 60 descente
1422 980 109 60 des

134 1027 240 58 Anglais
309 1027 153 58 sur
396 1027 174 58 deux
505 1027 218 58 points
658 1027 153 58 des
745 1027 196 58 côtes
876 1027 131 58 de
941 1027 218 58 France
1094 1027 174 58 dans
1203 1027 131 58 la
1268 1027 262 58 Bretagne
1443 1027 87 58 et

136 1077 123 61 la
197 1077 286 61 Normandie,
422 1077 123 61 et
483 1077 143 61 sur
565 1077 123 61 la
626 1077 266 61 nécessité
831 1077 123 61 de
892 1077 266 61 fortifier
1097 1077 143 61 ces
1158 1077 184 61 points.

84 1126 213 63 4459.
227 1126 403 63 MHontmorin
558 1126 450 63 Saint-Hérem
938 1126 403 63 (Armand-Marc,
1269 1126 213 63 comte
1388 1126 142 63 de),

137 1188 253 44 ministre
327 1188 148 44 des
411 1188 253 44 affaires
602 1188 317 44 étrangères,
855 1188 253 44 massacré
1045 1188 106 44 à
1087 1188 211 44 Paris,
1235 1188 127 44 en
1299 1188 232 44 prison,
1447 1188 84 44 en

136 1219 196 86 1792.
267 1219 131 86 L.
333 1219 175 86 aut.
442 1219 196 86 sig.,
573 1219 109 86 à
616 1219 131 86 M.
682 1219 284 86 Trudaine.
900 1219 393 86 Fontainebleau,
1227 1219 131 86 19
1293 1219 175 86 juin
1380 1219 153 86 1759,

65 1270 458 60 1
249 1270 550 60 p.
524 1270 825 60 in-4.
1074 1270 458 60 2
1165 1270 367 60 50

90 1307 188 63 4460.
215 1307 417 63 Montolieu
570 1307 146 63 (la
654 1307 230 63 baronne
821 1307 250 63 Isabelle
1008 1307 167 63 de),
1113 1307 230 63 célèbre
1259 1307 271 63 romancière.

142 1366 121 91 L.
202 1366 161 91 aut.
303 1366 181 91 sig.,
424 1366 101 91 à
464 1366 121 91 M.
525 1366 242 91 Briatte.
706 1366 262 91 Lauzanne,
907 1366 121 91 28
968 1366 161 91 ....
1069 1366 101 91 1
1109 1366 121 91 p.
1169 1366 181 91 pl.et
1290 1366 181 91 demie
1391 1366 141 91 in

43 1417 1261 56 Cachet.
961 1417 573 56 2
1075 1417 459 56 50

94 1463 173 63 4461.
209 1463 365 63 Morelli
516 1463 211 63 célèbre
669 1463 211 63 baryton
823 1463 230 63 italien.
996 1463 115 63 L.
1053 1463 154 63 aut.
1149 1463 173 63 sig.,
1264 1463 134 63 (en
1322 1463 211 63 italien).

136 1510 147 57 25
209 1510 196 57 août
331 1510 220 57 1854.
478 1510 122 57 2
527 1510 147 57 p.
601 1510 171 57 pl.
699 1510 220 57 in-8.
846 1510 220 57 Jolie
992 1510 245 57 lettre
1164 1510 343 57 théâtrale.
1433 1510 122 57 3
1458 1510 73 57 »

93 1550 167 68 4462.
205 1550 297 68 Muret
446 1550 278 68 (Théodore),
669 1550 297 68 littérateur.
910 1550 223 68 Revue
1077 1550 315 68 industrielle.
1337 1550 111 68 Le
1374 1550 167 68 Puf

143 1604 169 54 du
256 1604 376 54 Juif-Errant
576 1604 245 54 Manuscrit
764 1604 150 54 aut.
858 1604 150 54 sig.
952 1604 169 54 (pour
1065 1604 339 54 l’impression).
1347 1604 113 54 14
1385 1604 150 54 feuil-

70 1656 732 55 lets
528 1656 824 55 in-4.
1077 1656 458 55 2
1169 1656 366 55 50

94 1686 182 68 4463.
215 1686 345 68 Murger
499 1686 243 68 (Henry),
682 1686 324 68 littérateur.
945 1686 122 68 L.
1006 1686 162 68 aut.
1107 1686 162 68 sig.
1209 1686 101 68 5
1249 1686 223 68 janvier
1391 1686 142 68 1854.

87 1748 840 63 Demi-p.
698 1748 688 63 in-8.
1156 1748 382 63 1
1232 1748 306 63 50

95 1789 183 96 4464.
217 1789 325 96 Najac
481 1789 203 96 (Emile
623 1789 163 96 de),
725 1789 203 96 auteur
867 1789 305 96 dramatique.
1111 1789 122 96 L.
1172 1789 163 96 aut.
1274 1789 163 96 sig.
1375 1789 122 96 12
1416 1789 122 96 jan-

110 1848 423 49 vier
375 1848 476 49 1855.
692 1848 264 49 1
798 1848 317 49 p.
956 1848 476 49 in-8.
1274 1848 264 49 1
1326 1848 212 49 50

94 1892 180 62 4465.
214 1892 381 62 Nanteuil
535 1892 301 62 (Célestin),
775 1892 241 62 peintre.
956 1892 120 62 L.
1016 1892 160 62 aut.
1116 1892 160 62 sig.
1216 1892 200 62 Paris,
1357 1892 120 62 25
1397 1892 140 62 sept.

94 1944 620 58 1835.
507 1944 344 58 1
645 1944 413 58 p.
852 1944 620 58 in-8.
1265 1944 344 58 2
1333 1944 207 58 »

94 1985 186 64 4466.
218 1985 392 64 Navarre,
548 1985 289 64 secrétaire
775 1985 268 64 perpétuel
981 1985 124 64 de
1043 1985 289 64 l’Académie
1270 1985 124 64 de
1311 1985 227 64 Bordeaux.

140 2041 153 57 L.
216 2041 203 57 aut.
343 2041 203 57 sig.
470 2041 331 57 Bordeaux,
724 2041 127 57 9
775 2041 178 57 mai
877 2041 229 57 1716.
1029 2041 127 57 4
1080 2041 153 57 p.
1157 2041 178 57 pl.
1258 2041 229 57 in-4.
1411 2041 127 57 3
1436 2041 102 57 50

192 2098 127 58 Au
255 2098 190 58 sujet
382 2098 127 58 du
445 2098 253 58 concours
635 2098 127 58 de
698 2098 316 58 l’Académie,
951 2098 148 58 sur
1036 2098 148 58 les
1120 2098 295 58 variations
1352 2098 127 58 du
1394 2098 148 58 baro-

146 2141 209 56 mêtre,
292 2141 125 56 la
355 2141 188 56 cause
480 2141 125 56 de
543 2141 125 56 la
606 2141 272 56 formation
815 2141 125 56 de
878 2141 125 56 la
940 2141 209 56 glace,
1066 2141 125 56 etc.

99 2158 175 90 4467.
215 2158 390 90 Nettement
547 2158 253 90 (Alfred),
741 2158 312 90 littérateur,
995 2158 292 90 publiciste.
1228 2158 117 90 1°
1287 2158 117 90 L.
1345 2158 156 90 aut.
1423 2158 117 90 sig.

147 2232 116 58 (à
205 2232 116 58 la
263 2232 116 58 3e
321 2232 272 58 personne).
534 2232 97 58 1
573 2232 116 58 p.
631 2232 175 58 in-8.
748 2232 97 58 —
787 2232 252 58 Etudes
981 2232 310 58 littéraires.
1233 2232 155 58 Lord
1310 2232 233 58 Byron

141 2282 230 49 minute
302 2282 184 49 aut.
417 2282 207 49 (pour
555 2282 391 49 l’impression,
877 2282 322 49 complète).
1130 2282 138 49 28
1199 2282 138 49 p.
1268 2282 184 49 in-4
1383 2282 138 49 et
1429 2282 115 49 in-

-7 2324 1377 57 fol.
854 2324 861 57 6
1026 2324 516 57 »

96 2358 194 79 4468.
226 2358 432 79 Neukomm,
593 2358 345 79 compositeur.
873 2358 129 79 L.
938 2358 173 79 aut.
1046 2358 194 79 sig.,
1175 2358 108 79 à
1218 2358 237 79 Wilhem.
1369 2358 173 79 Berne,

141 2424 153 57 24
217 2424 281 57 février
421 2424 230 57 1841.
574 2424 128 57 4
625 2424 153 57 p.
702 2424 179 57 pl.
804 2424 230 57 in-8.
957 2424 357 57 Très-jolie
1237 2424 281 57 lettre.
1441 2424 128 57 6
1467 2424 77 57 »

196 2476 124 55 Il
258 2476 104 55 a
300 2476 228 55 réalisé
466 2476 124 55 la
528 2476 249 55 promesse
714 2476 186 55 qu’il
839 2476 145 55 lui
921 2476 104 55 a
963 2476 186 55 faite
1087 2476 124 55 de
1149 2476 269 55 composer,
1357 2476 166 55 pour
1439 2476 104 55 ses

144 2518 245 63 élèves,
322 2518 156 63 une
411 2518 200 63 messe
545 2518 178 63 sans
656 2518 468 63 accompagnement...
1057 2518 134 63 Il
1124 2518 200 63 vient
1257 2518 134 63 de
1302 2518 245 63 l’envoyer

146 2568 111 56 à
190 2568 133 56 M.
257 2568 133 56 de
324 2568 311 56 Rambuteau,
568 2568 222 56 préfet
724 2568 133 56 de
791 2568 133 56 la
858 2568 222 56 Seine,
1013 2568 156 56 qui
1102 2568 133 56 la
1169 2568 156 56 lui
1236 2568 311 56 communiquera

146 2620 181 62 pour
259 2620 204 62 qu’il
395 2620 136 62 en
463 2620 226 62 prenne
621 2620 226 62 copie;
780 2620 136 62 il
848 2620 294 62 obtiendra
1074 2620 362 62 probablement
1368 2620 158 62 par
1436 2620 113 62 son

148 2665 289 62 entremise
370 2665 134 62 la
437 2665 312 62 permission
682 2665 134 62 de
749 2665 200 62 faire
882 2665 245 62 chanter
1060 2665 111 62 à
1105 2665 267 62 l’église
1305 2665 156 62 ses
1372 2665 178 62 jeunes

149 2711 227 52 filles,
314 2711 124 52 et
376 2711 206 52 alors,
520 2711 124 52 il
582 2711 247 52 pourrait
768 2711 206 52 réunir
912 2711 124 52 un
974 2711 186 52 chœur
1098 2711 124 52 de
1159 2711 186 52 mille
1283 2711 165 52 voix
1386 2711 165 52 pour
1469 2711 82 52 le

153 2761 222 87 moins.
308 2761 155 87 «Je
397 2761 200 87 crois
530 2761 178 87 vous
641 2761 200 87 avoir
775 2761 178 87 dit,
886 2761 178 87 qu’à
997 2761 133 87 la
1063 2761 178 87 fête
1174 2761 133 87 de
1241 2761 333 87 Guttenberg,
1485 2761 67 87 à
