1622 2957
756 82 256 88 366
866 82 110 88 —

151 155 187 81 çais.
276 155 208 81 Billet
422 155 166 81 aut.
526 155 187 81 sig.,
650 155 125 81 au
713 155 270 81 rédacteur
921 155 166 81 d’un
1025 155 250 81 journal,
1212 155 125 81 au
1275 155 187 81 sujet
1399 155 125 81 du
1441 155 104 81 dé-

149 235 138 49 but
228 235 118 49 de
287 235 118 49 sa
346 235 177 49 sœur,
465 235 118 49 au
524 235 414 49 Théâtre-Français,
879 235 158 49 dans
977 235 414 49 Sémiramis
1332 235 118 49 19
1372 235 177 49 juillet

122 267 443 73 1819,
417 267 492 73 petite
762 267 394 73 page
1008 267 492 73 in-18.
1352 267 246 73 2
1401 267 148 73 »

205 320 148 63 ...
290 320 170 63 Cela
396 320 233 63 n’étant
565 320 191 63 qu’un
693 320 212 63 essai,
841 320 127 63 il
905 320 127 63 le
968 320 170 63 prie
1074 320 127 63 en
1138 320 148 63 son
1223 320 148 63 nom
1308 320 233 63 d’avoir
1456 320 85 63 de

149 372 344 68 l’indulgence
429 372 172 68 pour
515 372 151 68 elle.

105 406 178 85 4485.
224 406 356 85 Pariset
521 406 178 85 (E.),
640 406 218 85 médecin
798 406 257 85 français,
996 406 158 85 l’un
1095 406 119 85 de
1154 406 158 85 ceux
1253 406 139 85 qui
1332 406 119 85 se
1372 406 178 85 dévouè-

153 468 180 59 rent
266 468 248 59 pendant
446 468 135 59 la
514 468 203 59 peste
649 468 135 59 de
716 468 338 59 Barcelonne.
986 468 135 59 L.
1054 468 180 59 aut.
1166 468 180 59 sig.
1279 468 293 59 Chevilly,
1481 468 68 59 9

120 521 477 58 avril
438 521 477 58 1822.
756 521 265 58 1
862 521 318 58 p.
1020 521 477 58 in-4.
1338 521 265 58 3
1391 521 159 58 »

200 551 261 67 Curieuse
396 551 218 67 lettre
549 551 218 67 contre
701 551 153 67 les
788 551 283 67 élections
1006 551 153 67 qui
1093 551 240 67 donnent
1268 551 131 67 la
1333 551 218 67 fièvre
1464 551 87 67 au

151 600 180 79 pays
264 600 135 79 et
332 600 158 79 qui
422 600 293 79 empêchent
648 600 406 79 d’administrer.
986 600 203 79 «Avec
1121 600 113 79 5
1167 600 135 79 ou
1234 600 113 79 7
1279 600 158 79 ans
1370 600 158 79 ans
1437 600 113 79 de-

155 661 193 58 «vant
283 661 193 58 vous,
411 661 128 58 et
475 661 150 58 une
561 661 385 58 administration
882 661 193 58 juste
1010 661 128 58 et
1074 661 214 58 douce,
1224 661 171 58 paix
1310 661 235 58 publique,

154 717 317 51 «prospérité
407 717 232 51 inouie,
576 717 127 51 et
640 717 169 51 plus
745 717 127 51 de
809 717 253 51 factions
999 717 275 51 hostiles.
1210 717 127 51 Ce
1273 717 169 51 pays
1379 717 148 51 qui
1442 717 106 51 ou-

154 752 194 57 «blie
284 752 194 57 tout,
413 752 151 57 les
500 752 173 57 aura
608 752 237 57 bientôt
759 752 259 57 oubliées.»

106 782 191 89 4486.
233 782 339 89 Parme
509 782 255 89 (Maurice
700 782 276 89 Phébronie
912 782 127 89 de
975 782 276 89 Bouillon,
1187 782 255 89 duchesse
1378 782 170 89 de),
1463 782 85 89 L.

152 843 180 68 aut.
265 843 203 68 sig.,
401 843 135 68 au
468 843 158 68 duc
558 843 135 68 de
626 843 293 68 Bouillon,
852 843 158 68 son
942 843 226 68 frère.
1100 843 338 68 Tierkhaimb,
1371 843 135 68 21
1416 843 135 68 mars

153 890 194 68 1765.
282 890 108 68 1
325 890 129 68 p.
389 890 151 68 pl.
475 890 194 68 in-4.
604 890 129 68 Il
669 890 108 68 y
712 890 108 68 a
755 890 258 68 derrière
948 890 108 68 5
991 890 237 68 petites
1163 890 215 68 lignes
1314 890 129 68 de
1378 890 129 68 la
1421 890 129 68 main

140 941 212 81 du
246 941 424 81 cardinal
564 941 212 81 de
670 941 459 81 Bouillon,
1023 941 247 81 son
1164 941 353 81 frère.
1412 941 177 81 5
1447 941 106 81 »

202 997 128 60 Au
266 997 192 60 sujet
393 997 128 60 de
457 997 128 60 la
521 997 170 60 mort
628 997 128 60 du
692 997 170 60 duc,
798 997 149 60 son
884 997 192 60 mari,
1011 997 213 60 décédé
1161 997 128 60 la
1203 997 192 60 veille.

106 1022 183 92 4487.
228 1022 306 92 Paul
473 1022 326 92 (Alexandre),
738 1022 224 92 danseur
901 1022 122 92 de
962 1022 245 92 l’Opéra.
1145 1022 122 92 L.
1206 1022 163 92 aut.
1308 1022 183 92 sig.,
1431 1022 102 92 à
1451 1022 102 92 Be

153 1077 237 76 nelli.
319 1077 166 76 Rio
414 1077 142 76 de
485 1077 284 76 Janeiro.
699 1077 119 76 4
746 1077 261 76 juillet
936 1077 213 76 1854.
1078 1077 119 76 2
1125 1077 142 76 p.
1196 1077 166 76 pl.
1291 1077 213 76 in-8.
1433 1077 119 76 2
1457 1077 95 76 50

204 1147 278 55 Nouvelles
418 1147 300 55 théâtrales
653 1147 128 55 de
717 1147 171 55 Rio.
803 1147 257 55 Curieuses.

109 1183 185 69 4488.
233 1183 330 69 Payen
501 1183 144 69 (le
583 1183 268 69 docteur),
789 1183 206 69 auteur
933 1183 124 69 de
995 1183 330 69 publications
1242 1183 309 69 intéressantes

154 1234 160 63 sur
246 1234 320 63 Montaigne.
497 1234 137 63 L.
566 1234 183 63 aut.
680 1234 206 63 sig.,
817 1234 114 63 à
863 1234 137 63 M.
932 1234 137 63 de
1000 1234 252 63 Cavrol.
1183 1234 229 63 Paris,
1343 1234 137 63 12
1389 1234 160 63 sept.

120 1276 496 79 1839.
451 1276 276 79 1
561 1276 331 79 p.
727 1276 386 79 pl.
947 1276 496 79 in-8.
1333 1276 276 79 3
1389 1276 165 79 »

206 1327 129 66 Il
270 1327 107 66 a
313 1327 129 66 vu
377 1327 171 66 chez
484 1327 129 66 un
549 1327 343 66 bouquiniste,
827 1327 150 66 une
913 1327 257 66 critique
1106 1327 129 66 de
1170 1327 300 66 Vert-Vert,
1385 1327 171 66 petite

156 1375 258 63 comédie
320 1375 375 63 manuscriste...

107 1414 176 88 4489.
225 1414 391 88 Péricaud
557 1414 313 88 littérateur,
811 1414 195 88 poète,
948 1414 195 88 ancien
1085 1414 352 88 bibliothécaire
1378 1414 117 88 de
1417 1414 137 88 Lvon.

159 1477 131 60 L.
225 1477 175 60 aut.
334 1477 196 60 sig.,
465 1477 109 60 à
508 1477 131 60 M.
574 1477 218 60 Mahul.
727 1477 196 60 Lyon,
858 1477 109 60 2
901 1477 240 60 juillet
1076 1477 196 60 1823.
1207 1477 109 60 2
1250 1477 131 60 p.
1316 1477 196 60 in-8.
1447 1477 109 60 1
1469 1477 87 60 50

108 1504 171 88 4490
214 1504 426 88 Pérignon,
577 1504 256 88 maréchal
768 1504 128 88 de
832 1504 234 88 France.
1003 1504 128 88 L.
1067 1504 171 88 aut.
1173 1504 192 88 sig.,
1301 1504 128 88 au
1344 1504 213 88 ministre

154 1563 140 69 de
224 1563 375 69 l’intérieur,
528 1563 281 69 terminée
739 1563 164 69 par
832 1563 164 69 son
926 1563 257 69 serment
1113 1563 211 69 comme
1254 1563 304 69 président
1464 1563 94 69 du

157 1619 244 63 collège
334 1619 289 63 électoral
557 1619 133 63 du
623 1619 333 63 département
890 1619 133 63 du
956 1619 200 63 Tarn.
1090 1619 111 63 1
1134 1619 155 63 gr.
1223 1619 133 63 p.
1289 1619 244 63 in-fol.
1467 1619 111 63 3
1489 1619 67 63 »

111 1642 184 93 4491.
233 1642 388 93 Persiani
560 1642 225 93 célèbre
724 1642 307 93 compositeur
969 1642 123 93 de
1030 1642 245 93 musique,
1214 1642 123 93 et
1276 1642 164 93 mari
1378 1642 123 93 de
1419 1642 143 93 l’il

158 1705 212 65 lustre
306 1705 212 65 madame
454 1705 191 65 Fanny
581 1705 275 65 Persiani.
793 1705 127 65 L.
856 1705 169 65 aut.
962 1705 169 65 sig.
1068 1705 148 65 (en
1153 1705 275 65 italien).
1343 1705 212 65 Londres,

131 1755 296 64 14
279 1755 345 64 mai
476 1755 444 64 1854.
772 1755 247 64 2
871 1755 296 64 p.
1018 1755 444 64 in-8.
1314 1755 247 64 2
1364 1755 197 64 50

113 1792 181 97 4492.
234 1792 403 97 Petitain,
576 1792 322 97 littérateur.
838 1792 121 97 L.
898 1792 161 97 aut.
999 1792 141 97 sie
1080 1792 282 97 Saint-Dié,
1301 1792 121 97 30
1341 1792 222 97 thermidor

149 1847 212 73 an
255 1847 212 73 X.
361 1847 177 73 2
432 1847 212 73 p.
538 1847 248 73 pl.
679 1847 318 73 in-4.
891 1847 460 73 Curieuse.
1245 1847 212 73 5.
1386 1847 177 73 1
1422 1847 141 73 50

111 1890 189 88 4493.
237 1890 294 88 Pilatre
468 1890 126 88 de
531 1890 294 88 Rozier
762 1890 315 88 (François),
1015 1890 315 88 naturaliste
1267 1890 126 88 et
1309 1890 252 88 physicien,

160 1959 194 62 tenta
290 1959 129 62 un
354 1959 237 62 premier
527 1959 215 62 voyage
678 1959 172 62 dans
785 1959 151 62 les
872 1959 172 62 airs
979 1959 172 62 avec
1087 1959 129 62 M.
1152 1959 280 62 d’Arlande
1367 1959 129 62 en
1410 1959 151 62 1783,

163 2007 118 56 et
222 2007 118 56 le
282 2007 118 56 15
341 2007 158 56 juin
440 2007 178 56 1785,
558 2007 118 56 le
617 2007 138 56 feu
696 2007 178 56 ayant
815 2007 158 56 pris
913 2007 99 56 à
953 2007 138 56 son
1032 2007 217 56 ballon,
1190 2007 118 56 il
1249 2007 138 56 fut
1328 2007 257 56 précipité
1506 2007 59 56 à

164 2046 180 68 terre
284 2046 120 68 et
344 2046 120 68 se
404 2046 160 68 tua.
503 2046 120 68 L.
563 2046 160 68 aut.
663 2046 180 68 sig.,
783 2046 100 68 à
823 2046 180 68 M....
942 2046 120 68 au
1002 2046 200 68 musée.
1142 2046 100 68 6
1182 2046 220 68 février
1341 2046 180 68 1784.
1461 2046 100 68 4
1481 2046 80 68 p.

82 2089 693 85 pl.
478 2089 890 85 in-4.
1071 2089 594 85 30
1269 2089 297 85 »

213 2125 131 92 Les
288 2125 131 92 2e,
363 2125 113 92 3e
420 2125 113 92 et
476 2125 113 92 4e
532 2125 169 92 pages
645 2125 150 92 sont
739 2125 225 92 remplies
908 2125 131 92 par
983 2125 113 92 un
1039 2125 432 92 postscriptum
1396 2125 169 92 relatif

163 2187 371 67 auxexpériences
473 2187 350 67 aérostatiques
761 2187 268 67 présidées
967 2187 144 67 par
1050 2187 289 67 l’Académie
1276 2187 144 67 des
1338 2187 227 67 Sciences,

163 2237 144 76 par
246 2237 227 76 l’ordre
411 2237 124 76 du
472 2237 165 76 roi.
575 2237 144 76 Ils
658 2237 144 76 ont
740 2237 206 76 quatre
884 2237 227 76 ballons
1049 2237 124 76 en
1111 2237 391 76 construction...
1420 2237 144 76 Celui

163 2288 154 64 que
251 2288 132 64 M.
317 2288 285 64 Blanchard
536 2288 198 64 vient
668 2288 307 64 d’annoncer
909 2288 220 64 pourra
1063 2288 176 64 bien
1173 2288 132 64 ne
1239 2288 154 64 pas
1327 2288 263 64 répondre
1502 2288 66 64 à

164 2323 277 74 l’attente
376 2323 191 74 qu’il
504 2323 170 74 fait
611 2323 298 74 espérer...
845 2323 149 74 Les
930 2323 234 74 auteurs
1100 2323 149 74 des
1185 2323 255 74 machines
1377 2323 128 74 de
1419 2323 149 74 Paris

164 2374 175 70 sont
274 2374 153 70 MM.
361 2374 132 70 de
427 2374 351 70 Montgolfier,
712 2374 263 70 Charles,
909 2374 219 70 Mégnié
1063 2374 132 70 et
1129 2374 219 70 l’abbé
1282 2374 285 70 Miolan...
1479 2374 88 70 Il

163 2423 191 83 vient
290 2423 128 83 de
354 2423 191 83 faire
482 2423 277 83 l’analyse
695 2423 128 83 du
758 2423 234 83 charbon
929 2423 128 83 de
993 2423 191 83 terre
1120 2423 128 83 et
1184 2423 128 83 de
1248 2423 128 83 la
1312 2423 234 83 matière
1461 2423 106 83 fé-

168 2493 195 48 cale,
298 2493 152 48 qui
385 2493 152 48 lui
472 2493 152 48 ont
559 2493 238 48 procuré
732 2493 260 48 beaucoup
927 2493 130 48 de
992 2493 152 48 gaz
1057 2493 347 48 inflammable...

117 2509 178 91 4494.
236 2509 317 91 Piron
494 2509 258 91 (Alexis),
692 2509 198 91 poète.
831 2509 258 91 «Chansons
1029 2509 139 91 sur
1108 2509 178 91 l’air
1227 2509 99 91 :
1267 2509 159 91 Dans
1366 2509 139 91 nos
1425 2509 139 91 vais

168 2567 237 75 «seaux,
341 2567 172 75 etc.
449 2567 108 75 —
492 2567 194 75 Autre
621 2567 151 75 sur
707 2567 215 75 l’air:
858 2567 151 75 Des
944 2567 323 75 gris-vétus,
1203 2567 172 75 etc.
1310 2567 108 75 —
1354 2567 237 75 Bouquet
1504 2567 65 75 à

169 2619 175 74 «une
278 2619 284 74 princesse
497 2619 131 74 du
563 2619 197 74 Nord,
694 2619 131 74 le
759 2619 175 74 jour
869 2619 131 74 de
934 2619 415 74 Saint-Frédéric.
1284 2619 109 74 »
1328 2619 175 74 Aut.
1437 2619 131 74 4.
1481 2619 87 74 p.

92 2661 691 77 pl.
487 2661 888 77 in-4.
1079 2661 592 77 10
1276 2661 296 77 »

120 2699 184 81 4495.
242 2699 327 81 Piron
508 2699 266 81 (Alexis),
712 2699 204 81 poète.
856 2699 204 81 «Envoy
999 2699 123 81 de
1060 2699 184 81 vingt
1183 2699 204 81 serins
1326 2699 164 81 pour
1407 2699 164 81 repeu-

174 2750 188 118 «pler
299 2750 146 118 une
383 2750 230 118 volière
550 2750 125 118 où
612 2750 125 118 il
675 2750 167 118 n’en
779 2750 188 118 était
904 2750 188 118 resté
1030 2750 146 118 que
1113 2750 188 118 deux,
1238 2750 167 118 dont
1343 2750 167 118 l’un
1426 2750 146 118 était
