1567 2915
614 50 185 81 —
688 50 259 81 367
799 50 111 81 —

85 120 235 104 «borgne
255 120 128 104 et
319 120 235 104 l’autre
490 120 256 104 boiteux.
682 120 107 104 »
724 120 192 104 Conte
852 120 128 104 en
916 120 192 104 vers,
1044 120 171 104 aut.
1151 120 299 104 (inédit.),
1385 120 107 104 2
1407 120 85 104 p.

16 206 649 61 pl.
387 206 834 61 in-4.
943 206 556 61 7.
1128 206 371 61 50

40 259 193 58 4496.
168 259 279 58 Places
383 259 129 58 de
447 259 322 58 guerre
704 259 236 58 Mémoire
876 259 150 58 par
962 259 214 58 lequel
1112 259 129 58 on
1176 259 214 58 assure
1326 259 193 58 qu’il
1434 259 64 58 y

89 297 107 60 a
131 297 320 60 possibilité
387 297 128 60 de
451 297 213 60 mettre
601 297 149 60 les
686 297 213 60 places
836 297 128 60 de
900 297 213 60 guerre
1049 297 128 60 en
1113 297 192 60 estat
1220 297 277 60 imprenable,

85 346 212 64 comme
227 346 212 64 aussy
368 346 283 64 d’éviter
580 346 141 64 la
650 346 259 64 dépense
839 346 141 64 de
909 346 235 64 nombre
1074 346 141 64 de
1145 346 283 64 millions
1333 346 165 64 qu’on

88 392 152 59 est
175 392 217 59 obligé
327 392 304 59 d’employer
565 392 130 59 en
631 392 239 59 vivres,
804 392 282 59 munitions
1021 392 130 59 de
1086 392 239 59 guerre,
1259 392 195 59 etc.,
1368 392 130 59 etc.

87 441 208 59 Belle
226 441 139 59 et
295 441 208 59 bonne
434 441 278 59 écriture
642 441 139 59 du
712 441 255 59 dernier
897 441 255 59 siècle.
1082 441 139 59 61
1152 441 139 59 p.
1221 441 255 59 in-fol.
1406 441 116 59 5
1430 441 69 59 »

39 480 205 65 4497.
176 480 365 65 Pyramides
473 480 365 65 d’Egypée
769 480 274 65 (machine
974 480 274 65 indiquée
1180 480 160 65 par
1248 480 251 65 Hérodote,

89 549 143 51 qui
170 549 225 51 servait
334 549 102 51 à
375 549 123 51 la
436 549 327 51 construction
702 549 184 51 des).
825 549 205 51 Dessin
968 549 164 51 lavé
1070 549 123 51 et
1132 549 225 51 colorié
1295 549 205 51 (copié
1418 549 82 51 au

81 590 539 51 Hâvre-de-Grâce,
535 590 170 51 le
620 590 142 51 2
677 590 227 51 mars
819 590 284 51 1771),
1017 590 142 51 1
1074 590 170 51 p.
1159 590 312 51 in-fol.
1386 590 142 51 5
1415 590 85 51 »

44 636 175 65 4498.
160 636 331 65 Ruffin
432 636 467 65 (Pierre-Jean-Marie),
841 636 156 65 fils
938 636 156 65 d’un
1035 636 253 65 français,
1230 636 214 65 premier
1366 636 136 65 drog

89 691 147 57 man
173 691 126 57 du
236 691 252 57 consulat
425 691 126 57 de
488 691 294 57 Salonique,
719 691 126 57 né
782 691 168 57 dans
888 691 189 57 cette
1014 691 189 57 ville
1140 691 126 57 le
1203 691 126 57 17
1266 691 168 57 août
1350 691 147 57 1740,

89 725 579 57 conseiller-interprète
598 725 139 57 du
668 725 162 57 roi
760 725 139 57 et
830 725 324 57 conseiller
1084 725 139 57 de
1154 725 347 57 l’ambassade
1408 725 93 57 de

91 773 213 62 France
240 773 107 62 à
283 773 405 62 Constantinople.
624 773 235 62 Célèbre
795 773 128 62 en
859 773 213 62 Orient
1008 773 149 62 par
1094 773 149 62 les
1179 773 256 62 services
1350 773 149 62 qu’il

90 822 112 65 y
134 822 112 65 a
179 822 202 65 rendu
314 822 246 65 pendant
493 822 381 65 soixante-huit
807 822 179 65 ans,
919 822 157 65 par
1008 822 134 65 sa
1075 822 291 65 détention
1299 822 157 65 aux
1367 822 134 65 sept

93 886 187 42 tours
218 886 124 42 en
280 886 187 42 1798,
404 886 104 42 à
446 886 124 42 la
508 886 166 42 part
612 886 290 42 importante
840 886 187 42 qu’il
964 886 166 42 prit
1068 886 104 42 à
1109 886 124 42 la
1171 886 228 42 défense
1337 886 124 42 du
1379 886 124 42 Bos-

90 921 195 64 phore
220 921 173 64 avec
329 921 130 64 le
394 921 498 64 général-ambassadeur
827 921 303 64 Sébastiani
1066 921 217 64 contre
1217 921 152 64 les
1282 921 217 64 Anglais,

89 961 128 57 en
153 961 192 57 1807,
281 961 192 57 etc.,
409 961 171 57 etc.
516 961 256 57 Surnommé
708 961 299 57 l’Aristide
943 961 128 57 et
1008 961 128 57 le
1072 961 214 57 Nestor
1221 961 128 57 de
1264 961 235 57 l’Orient.

89 1009 164 62 Mort
191 1009 102 62 à
232 1009 388 62 Constantinople,
559 1009 123 62 le
620 1009 123 62 19
681 1009 225 62 janvier
845 1009 184 62 1824.
968 1009 123 62 L.
1029 1009 164 62 aut.
1131 1009 184 62 sig.,
1254 1009 102 62 à
1295 1009 123 62 M.
1335 1009 164 62 Xavier

86 1066 278 50 Bianchi,
294 1066 324 50 chancelier
549 1066 139 50 du
618 1066 278 50 consulat
827 1066 255 50 général
1012 1066 139 50 de
1081 1066 255 50 Smyrne.
1243 1066 255 50 Péra-

87 1107 463 61 Constantinople,
477 1107 122 61 9
525 1107 195 61 août
647 1107 219 61 1814.
793 1107 122 61 1
842 1107 146 61 p.
915 1107 171 61 pl.
1013 1107 146 61 et
1086 1107 244 61 quart,
1256 1107 219 61 in-4.
1403 1107 122 61 6
1427 1107 73 61 »

138 1163 417 53 «....Difficulté
489 1163 132 53 de
555 1163 263 53 l’entrée
753 1163 132 53 du
819 1163 198 53 canal
950 1163 154 53 par
1038 1163 198 53 suite
1170 1163 154 53 des
1258 1163 198 53 vents
1367 1163 132 53 con-

93 1207 308 68 traires...
335 1207 220 68 «Aussi
489 1207 154 68 nos
577 1207 220 68 marins
731 1207 308 68 provençaux
974 1207 396 68 appeloient-ils
1282 1207 220 68 plaisam-

93 1257 192 49 «ment
221 1257 405 49 Constantilongue
562 1257 192 49 notre
690 1257 341 49 capitale...»
968 1257 149 49 Ils
1053 1257 149 49 ont
1138 1257 213 49 chanté
1266 1257 235 49 solennel-

91 1293 190 65 lement
224 1293 152 65 leur
319 1293 324 65 Tedeum
586 1293 152 65 pour
681 1293 114 65 la
738 1293 171 65 paix.
853 1293 133 65 Les
929 1293 209 65 visites
1081 1293 286 65 officielles
1310 1293 171 65 entre
1405 1293 95 65 les

93 1339 336 63 ambassadeurs
366 1339 126 63 de
429 1339 210 63 France
575 1339 126 63 et
638 1339 336 63 d’Angleterre
911 1339 210 63 eurent
1058 1339 168 63 lieu
1162 1339 126 63 le
1225 1339 168 63 même
1309 1339 189 63 jour...

90 1392 150 63 «Je
175 1392 128 63 me
239 1392 214 63 flatte
389 1392 150 63 que
474 1392 128 63 la
538 1392 299 63 diminution
773 1392 321 63 remarquable
1030 1392 128 63 de
1094 1392 128 63 la
1158 1392 192 63 peste
1286 1392 150 63 sur
1350 1392 150 63 votre

89 1441 268 62 «échelle
290 1441 112 62 a
335 1441 268 62 toujours
536 1441 201 62 tendu
670 1441 179 62 vers
782 1441 157 62 son
872 1441 246 62 déclin,
1051 1441 134 62 et
1118 1441 157 62 que
1207 1441 179 62 vous
1297 1441 201 62 n’aurez

92 1485 171 60 «pas
198 1485 192 60 tardé
326 1485 171 60 d’en
433 1485 171 60 voir
540 1485 277 60 l’entière
753 1485 299 60 cessation.
988 1485 192 60 Quant
1116 1485 107 60 à
1137 1485 363 60 Constantinople,

88 1546 176 49 «les
198 1546 243 49 progrès
375 1546 132 49 de
441 1546 132 49 ce
507 1546 198 49 fléau
639 1546 176 49 sont
749 1546 220 49 sourds
904 1546 132 49 et
970 1546 220 49 lents;
1124 1546 198 49 mais,
1256 1546 243 49 suivant
1411 1546 88 49 ma

87 1583 282 95 «routine,
305 1583 152 95 ils
391 1583 174 95 n’en
500 1583 174 95 sont
609 1583 152 95 que
696 1583 174 95 plus
783 1583 369 95 dangereux.....»

546 1753 442 84 PUBLICATION

283 1836 193 108 De
411 1836 128 108 la
475 1836 385 108 Correspondance
796 1836 235 108 inédite
967 1836 128 108 de
1010 1836 257 108 Buffon

87 1954 122 57 La
148 1954 265 57 librairie
352 1954 245 57 Hachette
535 1954 122 57 et
597 1954 163 57 Cie,
699 1954 143 57 rue
780 1954 408 57 Pierre-Sarrazin,
1127 1954 143 57 14,
1208 1954 224 57 prépare
1372 1954 122 57 en
1412 1954 82 57 ce

40 2003 208 61 moment
186 2003 146 61 une
269 2003 312 61 publication
519 2003 125 61 du
581 2003 166 61 plus
685 2003 166 61 haut
789 2003 250 61 intérêt,
976 2003 187 61 la
1080 2003 416 61 correspondance

40 2058 287 52 inédite
265 2058 123 52 de
327 2058 308 52 Buffon
573 2058 185 52 Grâce
696 2058 123 52 au
757 2058 246 52 concours
942 2058 123 52 de
1003 2058 123 52 M.
1065 2058 205 52 Nadaud
1208 2058 123 52 de
1270 2058 226 52 Buffon,
1413 2058 82 52 un

41 2087 291 71 descendant
270 2087 125 71 de
332 2087 291 71 l’Illustre
561 2087 270 71 écrivain,
769 2087 145 71 qui
852 2087 229 71 possède
1018 2087 145 71 une
1101 2087 291 71 très-riche
1309 2087 187 71 collec-

39 2147 166 66 tion
143 2147 125 66 de
205 2147 145 66 ses
289 2147 249 66 lettres,
476 2147 145 66 les
559 2147 249 66 éditeurs
746 2147 166 66 sont
850 2147 166 66 déjà
954 2147 104 66 à
995 2147 166 66 même
1099 2147 249 66 d’offrir
1286 2147 125 66 au
1328 2147 166 66 public

41 2195 126 65 un
104 2195 232 65 recueil
273 2195 190 65 digne
399 2195 126 65 de
462 2195 190 65 fixer
588 2195 147 65 son
673 2195 295 65 attention.
904 2195 168 65 Mais
1010 2195 126 65 le
1073 2195 190 65 désir
1199 2195 126 65 de
1241 2195 253 65 l’enrichir

39 2231 229 78 encore,
205 2231 166 78 s’il
309 2231 145 78 est
393 2231 270 78 possible,
600 2231 145 78 les
683 2231 270 78 détermine
891 2231 104 78 à
933 2231 187 78 faire
1058 2231 187 78 appel
1182 2231 104 78 à
1203 2231 291 78 l’obligeance

38 2280 148 76 des
122 2280 275 76 personnes
334 2280 169 76 qui,
440 2280 275 76 possédant
651 2280 148 76 des
736 2280 233 76 lettres
905 2280 317 76 autographes
1159 2280 127 76 de
1222 2280 233 76 Buffon,
1370 2280 127 76 con-

37 2324 312 73 sentiraient
287 2324 104 73 à
329 2324 146 73 les
412 2324 167 73 leur
516 2324 333 73 communiquer,
787 2324 125 73 et
849 2324 146 73 ils
933 2324 125 73 se
995 2324 208 73 feront
1141 2324 125 73 un
1203 2324 229 73 plaisir
1349 2324 146 73 comme

37 2375 132 68 un
103 2375 220 68 devoir
257 2375 132 68 de
323 2375 242 68 marquer
500 2375 176 68 leur
610 2375 286 68 gratitude
830 2375 110 68 à
874 2375 176 68 tous
984 2375 176 68 ceux
1094 2375 154 68 qui
1183 2375 264 68 voudront
1359 2375 132 68 bien

31 2424 163 71 les
124 2424 209 71 aider
263 2424 186 71 dans
380 2424 186 71 leur
496 2424 233 71 tâche,
659 2424 140 71 en
728 2424 349 71 mentionnant
1008 2424 209 71 leurs
1147 2424 186 71 noms
1263 2424 186 71 dans
1356 2424 140 71 leur

18 2489 552 85 important
442 2489 509 85 recueil.
782 2489 127 85 —

37 2556 157 90 N.
141 2556 174 90 B
263 2556 104 90 M.
315 2556 209 90 Laverdet
472 2556 122 90 est
541 2556 139 90 chez
628 2556 122 90 lui
698 2556 104 90 de
750 2556 87 90 1
785 2556 157 90 heure
889 2556 87 90 à
924 2556 104 90 4,
976 2556 122 90 les
1046 2556 226 90 dimanches
1220 2556 104 90 et
1272 2556 157 90 fêtes
1359 2556 139 90 excep-

78 2614 154 76 tés;
174 2614 116 76 et
232 2614 116 76 du
290 2614 116 76 15
348 2614 174 76 avril
464 2614 116 76 au
522 2614 116 76 15
580 2614 232 76 octobce,
753 2614 135 76 les
830 2614 251 76 mercredis
1023 2614 116 76 et
1081 2614 212 76 samedis
1216 2614 232 76 seulement.

307 2728 162 80 Ce
415 2728 180 80 numéro
541 2728 126 80 n’a
612 2728 126 80 été
684 2728 233 80 distribué
864 2728 126 80 que
936 2728 108 80 le
990 2728 108 80 20
1025 2728 198 80 août
