1519 2970
-74 2773 111 47 É

-56 1133 108 55 «

574 74 212 75 EN
644 74 247 75 VENTE

240 123 160 104 A
304 123 192 104 LA
400 123 416 104 LIBRAIRIE
720 123 192 104 DE
815 123 192 104 J.
879 123 352 104 TECHENER,

488 194 147 57 RUE
572 194 126 57 DE
635 194 337 57 L'ARBRE-SEC,
888 194 105 57 52.

373 295 699 82 CORRESPONDANCE

632 370 190 69 ENTRE

-97 467 1520 109 DOHAUETRUA

630 557 160 53 ET

759 616 123 52 *

396 623 581 88 BROSSEALM

435 710 210 63 Avocat
582 710 126 63 au
645 710 273 63 Parlement
854 710 126 63 de
896 710 147 63 Lyon.

322 749 251 66 PUBLIÉE
504 749 159 66 SUR
596 749 159 66 LES
687 749 319 66 MANUSCRITS
914 749 251 66 ORIGINAUX

438 811 187 89 PAR
545 811 294 89 AUGUSTE
733 811 294 89 LAVERDET,

208 891 554 63 INTRODUCTION
675 891 204 63 PAR
791 891 175 63 M.
879 891 263 63 JULES
1025 891 233 63 JANIN.

320 945 233 72 Première
507 945 171 72 édition
632 945 202 72 complèle,
787 945 93 72 en
834 945 156 72 partie
927 945 218 72 inédite

38 992 104 83 Un
90 992 173 83 volume
210 992 138 83 in-8
297 992 104 83 de
348 992 155 83 XXXII
452 992 86 83 —
486 992 121 83 608
555 992 173 83 pages,
676 992 138 83 avec
762 992 121 83 six
831 992 259 83 fac-simile,
1038 992 104 83 et
1090 992 104 83 la
1142 992 242 83 généalogie
1332 992 104 83 de
1366 992 69 83 la

470 1048 195 64 famille
612 1048 106 64 de
665 1048 195 64 Boileau
789 1048 213 64 Despréaux.

615 1091 228 55 ESGEGCGE

247 1129 357 94 ISOMMAIRE
521 1129 165 94 DU
604 1129 302 94 CONTENU
823 1129 165 94 DE
906 1129 165 94 CE
961 1129 247 94 VOLUME:

321 1192 269 88 (COMPLÉMENT
536 1192 125 88 DES
608 1192 197 88 OEUVRES
751 1192 107 88 DE
805 1192 197 88 ROILEAU
930 1192 233 88 DESPRÉAUX.)

12 1254 245 76 PREMIÈRE
195 1254 204 76 PARTIE
338 1254 245 76 (Premier
521 1254 204 76 volume
664 1254 122 76 du
725 1254 306 76 manuscrit).
970 1254 102 76 —
1011 1254 367 76 Correspondance
1296 1254 143 76 entre

62 1311 210 62 Boileau
215 1311 249 62 Despréaux
406 1311 115 62 et
464 1311 249 62 Brossette
655 1311 268 62 (contenant
865 1311 363 62 soixante-quinze
1171 1311 210 62 lettres
1305 1311 134 62 auto-

59 1351 207 53 graphes
210 1351 207 53 signées
360 1351 113 53 de
417 1351 207 53 Boileau
567 1351 282 53 Despréaux).
793 1351 94 53 —
830 1351 169 53 Arrêt
943 1351 113 53 de
999 1351 226 53 noblesse
1169 1351 113 53 de
1225 1351 113 53 la
1263 1351 169 53 famille

52 1392 118 49 de
111 1392 217 49 Boileau
269 1392 276 49 Despréaux.
486 1392 99 49 —
526 1392 237 49 Sentence
703 1392 138 49 des
782 1392 237 49 requêtes
960 1392 118 49 du
1019 1392 197 49 Palais
1157 1392 138 49 sur
1236 1392 118 49 le
1275 1392 158 49 procès

57 1431 108 53 du
111 1431 198 53 Lutrin.
255 1431 90 53 —
291 1431 198 53 Lettres
436 1431 108 53 et
490 1431 180 53 pièces
616 1431 108 53 de
670 1431 198 53 divers.
814 1431 90 53 —
850 1431 234 53 Testament
1030 1431 108 53 de
1084 1431 198 53 Boileau
1211 1431 216 53 Despréaux,

9 1475 222 57 DEUXIÊME
176 1475 204 57 PARTIE,
325 1475 111 57 ou
380 1475 389 57 Supplément
714 1475 241 57 (deuxième
899 1475 185 57 volume
1029 1475 111 57 du
1085 1475 260 57 manuscrit)
1270 1475 167 57 compre-

52 1524 148 51 nant
144 1524 129 51 les
218 1524 203 51 papiers
366 1524 111 51 de
421 1524 203 51 Boileau
569 1524 240 51 Despréaux
754 1524 203 51 laissés
902 1524 92 51 à
939 1524 111 51 sa
994 1524 166 51 mort,
1105 1524 111 51 et
1161 1524 185 51 donnés
1290 1524 92 51 à
1309 1524 129 51 Bros-

50 1564 180 60 sette
170 1564 140 60 par
250 1564 200 60 l’abbé
390 1564 240 60 Boileau,
569 1564 140 60 son
649 1564 200 60 frère.
789 1564 100 60 —
829 1564 140 60 Les
909 1564 180 60 Héros
1029 1564 120 60 du
1089 1564 200 60 Roman,
1208 1564 220 60 dialogue.

111 1605 164 53 Deux
214 1605 267 53 Épitaphes
419 1605 123 53 de
481 1605 226 53 Racine.
645 1605 103 53 —
686 1605 226 53 Réponse
850 1605 103 53 à
891 1605 123 53 un
953 1605 226 53 mémoire
1117 1605 123 53 de
1179 1605 205 53 Claude
1302 1605 123 53 Per-

52 1645 185 57 rault.
181 1645 92 57 —
218 1645 222 57 Lettres:
384 1645 111 57 au
439 1645 166 57 comte
550 1645 111 57 de
605 1645 222 57 Vivonne;
771 1645 92 57 à
808 1645 240 57 Maucroix;
993 1645 92 57 à
1030 1645 185 57 Racine
1159 1645 148 57 (dix
1233 1645 203 57 lettres);

55 1693 100 53 à
95 1693 200 53 Madame
235 1693 240 53 Manchon,
415 1693 120 53 sa
475 1693 180 53 sœur;
595 1693 100 53 à
635 1693 200 53 Madame
776 1693 120 53 la
836 1693 240 53 marquise
1016 1693 120 53 de
1076 1693 260 53 Villette;
1276 1693 100 53 à
1316 1693 120 53 M.
1356 1693 80 53 de

47 1723 124 60 La
109 1723 268 60 Chapelle,
316 1723 145 60 son
398 1723 186 60 neveu
522 1723 165 60 (dix
626 1723 268 60 lettres);
832 1723 103 60 à
873 1723 124 60 M.
935 1723 124 60 le
997 1723 186 60 comte
1121 1723 124 60 de
1183 1723 268 60 Maurepas;
1369 1723 62 60 à

50 1774 117 55 M.
109 1774 117 55 de
168 1774 352 55 Pontchartrain;
461 1774 98 55 à
500 1774 117 55 M.
559 1774 195 55 l’abbé
695 1774 215 55 Bignon;
852 1774 98 55 à
891 1774 117 55 M.
949 1774 117 55 le
1008 1774 176 55 comte
1125 1774 117 55 de
1184 1774 176 55 Revel
1301 1774 137 55 sur
1360 1774 78 55 le

51 1815 207 53 combat
196 1815 124 53 de
258 1815 248 53 Crémone;
444 1815 103 53 à
485 1815 124 53 M.
547 1815 124 53 Le
609 1815 248 53 Verrier;
795 1815 103 53 à
837 1815 310 53 Destouches;
1085 1815 124 53 au
1147 1815 165 53 père
1229 1815 207 53 Thoulier

56 1860 184 47 (trois
184 1860 239 47 lettres),
368 1860 165 47 etc.,
478 1860 202 47 etc...;
625 1860 221 47 Maucroix
791 1860 92 47 à
828 1860 239 47 Despréaux
1011 1860 165 47 (cinq
1122 1860 239 47 lettres);
1287 1860 147 47 Racine

59 1900 95 50 à
97 1900 267 50 Despréaux;
307 1900 114 50 le
364 1900 152 50 père
459 1900 229 50 Bouhours
630 1900 95 50 à
668 1900 267 50 Despréaux,
878 1900 171 50 etc.,
992 1900 152 50 etc.
1087 1900 95 50 —
1125 1900 190 50 Pièces
1259 1900 114 50 de
1297 1900 133 50 vers:

52 1942 300 59 Épigrammes;
292 1942 220 59 Chanson
452 1942 100 59 à
492 1942 200 59 boire;
632 1942 220 59 Énigme;
791 1942 220 59 Parodie
951 1942 280 59 barlesque;
1171 1942 240 59 Réponses
1331 1942 100 59 aux

58 1981 233 50 jésuites
232 1981 116 50 de
291 1981 233 50 Trévoux;
465 1981 272 50 Quatrains;
679 1981 175 50 etc.,
795 1981 155 50 etc.
892 1981 233 50 Fragment
1067 1981 155 50 d’un
1164 1981 233 50 prologue
1320 1981 116 50 d’o-

256 2021 224 65 Préface
418 2021 163 65 pour
520 2021 122 65 la
581 2021 203 65 Satire
723 2021 163 65 XII;
825 2021 183 65 Notes
947 2021 163 65 pour
1049 2021 366 65 l’intelligence
1333 2021 102 65 des

27 2024 238 54 péra....;

57 2073 184 53 œuvres
186 2073 221 53 diverses
352 2073 111 53 de
407 2073 258 53 Despréaux,
610 2073 129 53 sur
683 2073 111 53 la
739 2073 203 53 préface
886 2073 111 53 de
942 2073 240 53 l’édition
1126 2073 147 53 in-4
1218 2073 111 53 de
1255 2073 129 53 1701.

12 2084 242 80 TROISIÈME
199 2084 205 80 PARTIE,
348 2084 112 80 ou
404 2084 392 80 Appendice
740 2084 93 80 —
777 2084 224 80 Mémoires
945 2084 112 80 de
1001 2084 261 80 Brossette,
1206 2084 131 80 sur
1262 2084 168 80 Boileau

33 2154 241 64 Despréaux,

281 2150 211 58 d’après
435 2150 135 58 les
511 2150 250 58 fragments
704 2150 250 58 originaux
896 2150 250 58 conservés
1088 2150 96 58 à
1126 2150 115 58 la
1165 2150 269 58 Bibliothèque

33 2194 228 55 Impériale.

287 2200 99 49 -
327 2200 217 49 Lettres
485 2200 118 49 de
544 2200 118 49 M.
603 2200 118 49 A.
662 2200 257 49 Péricaud,
860 2200 118 49 et
919 2200 336 49 dissertation,
1195 2200 118 49 au
1254 2200 178 49 sujet
1353 2200 79 49 de

32 2236 224 55 Brossette.

250 2232 99 57 —
290 2232 178 57 Table
408 2232 277 57 analytique
626 2232 138 57 des
705 2232 178 57 noms,
824 2232 138 57 des
903 2232 198 57 lieux,
1041 2232 178 57 etc.,
1160 2232 178 57 cités
1279 2232 158 57 dans
1358 2232 79 57 la

54 2278 349 52 correspondance
344 2278 174 52 entre
460 2278 213 52 Boileau
615 2278 252 52 Despréaux
809 2278 116 52 et
848 2278 232 52 Brossette.

141 2322 151 62 Prix,

279 2326 185 54 papier
408 2326 166 54 carré
500 2326 148 54 vélin.

642 2317 109 62 0
664 2317 87 62 0»

1259 2323 124 61 10
1301 2323 103 61 fr.

965 2324 120 72 6
1013 2324 120 72 6
1061 2324 120 72 6
1132 2324 120 72 6
1156 2324 72 72 0

92 2379 177 44 —

251 2372 171 55 papier

401 2377 179 49 grand
521 2377 199 49 raisin
660 2377 219 49 vélin..
820 2377 100 49 .
859 2377 100 49 .
899 2377 100 49 .
939 2377 100 49 .
979 2377 100 49 .
1019 2377 100 49 .
1059 2377 100 49 .
1099 2377 100 49 .
1138 2377 100 49 .
1158 2377 80 49 ».

1269 2373 109 56 15
1305 2373 91 56 fr.

279 2423 199 52 papier
418 2423 179 52 grand
538 2423 199 52 raisin
677 2423 219 52 vergé..
837 2423 100 52 .
877 2423 100 52 .
916 2423 100 52 .
956 2423 100 52 .
996 2423 100 52 .
1036 2423 100 52 .
1076 2423 100 52 .
1116 2423 100 52 .
1155 2423 100 52 .
1175 2423 60 52 .

1254 2419 124 61 15
1296 2419 103 61 fr.

166 2464 118 51 Il
225 2464 99 51 a
265 2464 138 51 été
344 2464 158 51 tiré
442 2464 276 51 vingt-cinq
659 2464 296 51 exemplaires
896 2464 138 51 sur
975 2464 197 51 papier
1093 2464 138 51 grand

41 2508 184 65 raisin
169 2508 166 65 fort,
280 2508 184 65 vergé,
409 2508 258 65 numérotés,
611 2508 147 65 avec
703 2508 166 65 titre
814 2508 202 65 imprimé
961 2508 147 65 noir
1053 2508 110 65 et
1090 2508 147 65 rouge,

44 2555 119 39 et
104 2555 199 39 collés
243 2555 179 39 après
362 2555 358 39 l’impression..
661 2555 99 39 .
701 2555 99 39 .
740 2555 99 39 .
780 2555 99 39 .
820 2555 99 39 .
860 2555 99 39 .
900 2555 99 39 .
939 2555 99 39 .
959 2555 60 39 .

1258 2526 128 79 30
1300 2526 107 79 fr.

1035 2556 80 37 ★

1113 2564 105 42 ★
1155 2564 105 42 6
1176 2564 63 42 »

1 2583 241 76 L’épitaphe
190 2583 103 76 de
242 2583 172 76 Racine
362 2583 121 76 par
431 2583 189 76 Boileau
569 2583 241 76 Despréaux,
758 2583 224 76 conservée
931 2583 138 76 dans
1017 2583 207 76 l’Église
1154 2583 276 76 Saint-

39 2639 203 56 du-Mont,
192 2639 102 56 et
242 2639 237 56 reproduite
429 2639 136 56 dans
513 2639 102 56 ce
564 2639 186 56 volume,
700 2639 85 56 a
734 2639 119 56 été
801 2639 152 56 tirée
903 2639 85 56 à
937 2639 152 56 part,
1038 2639 136 56 pour
1123 2639 119 56 les
1191 2639 152 56 trois
1276 2639 152 56 papiers

38 2670 158 63 grand
144 2670 193 63 raisin,
267 2670 211 63 seulement.

121 2748 137 75 7
207 2748 172 75 Paris.
327 2748 86 75 —
361 2748 257 75 Typographie
567 2748 103 75 de
618 2748 189 75 Gaittet
756 2748 103 75 et
807 2748 137 75 Cie,
893 2748 120 75 rue
962 2748 275 75 Git-le-Cœur,
1167 2748 69 75 7.
