1626 2593
620 221 132 53 3

271 267 117 72 tifs
344 267 102 72 qui
403 267 102 72 ont
461 267 190 72 déterminé
607 267 262 72 l’insurrection
825 267 87 72 du
869 267 190 72 Calyados,
1015 267 204 72 profession
1161 267 58 72 de

274 320 89 48 foi
325 320 77 48 du
364 320 153 48 chapître
479 320 77 48 de
517 320 153 48 l’église
632 320 77 48 de
670 320 230 48 Bayeux
862 320 89 48 les
913 320 204 48 républicains
1079 320 77 48 de
1105 320 115 48 Vire

278 356 99 50 aux
335 356 213 50 Cinq-Cents.
505 356 156 50 Rapport
619 356 71 50 à
647 356 185 50 laSociété
789 356 185 50 populaire
931 356 85 50 de
974 356 170 50 Lisieux,
1101 356 85 50 an
1130 356 85 50 III.

272 378 90 61 le
317 378 165 61 conseil
437 378 90 61 et
482 378 105 61 les
542 378 285 61 administrateurs
781 378 90 61 du
826 378 180 61 Calvados
961 378 75 61 à
991 378 90 61 la
1021 378 195 61 Convention,

271 421 149 64 précis
376 421 119 64 pour
450 421 90 64 la
495 421 134 64 ville
585 421 179 64 d’Orbec,
719 421 164 64 adresse
839 421 105 64 aux
898 421 254 64 représentants
1108 421 90 64 du
1137 421 90 64 peu-

272 461 117 51 ple,
346 461 117 51 Caen
419 461 132 51 1793,
507 461 146 51 contre
609 461 205 51 révolution
770 461 146 51 tentée
873 461 102 51 par
931 461 102 51 les
990 461 161 51 prêtres
1107 461 88 51 en
1136 461 88 51 Nor-

275 496 149 49 mandie,
384 496 81 49 la
424 496 149 49 société
532 496 95 49 des
586 496 108 49 amis
654 496 81 49 de
694 496 81 49 la
735 496 189 49 république
883 496 81 49 de
924 496 203 49 Vire
1086 496 68 49 à
1113 496 81 49 la
1140 496 81 49 Con-

264 530 185 56 vention,
402 530 139 56 êtc.,
495 530 92 56 et
541 530 108 56 une
602 530 139 56 pièce
695 530 154 56 signée
802 530 108 56 par
864 530 108 56 les
926 530 292 56 administrateurs
1156 530 62 56 du

268 563 191 54 Calvados
411 563 95 54 en
459 563 127 54 l’an
538 563 111 54 VI.
602 563 95 54 32
650 563 159 54 pièces
761 563 143 54 in-8e
856 563 95 54 et
904 563 159 54 in-4°.
1015 563 95 54 15
1047 563 48 54 »

272 588 109 67 11.
335 588 140 67 CAEN.
428 588 171 67 Mémoire
553 588 125 67 pour
630 588 109 67 les
693 588 93 67 84
739 588 187 67 citoyens
880 588 171 67 détenus
1004 588 125 67 dans
1082 588 93 67 la
1113 588 109 67 tour,

273 628 138 60 4792,
365 628 261 60 consultations
579 628 123 60 pour
656 628 107 60 ces
717 628 138 60 mêmes
809 628 199 60 citoyens,
962 628 184 60 résumés,
1085 628 138 60 opinion

271 667 84 56 de
313 667 140 56 Dalmas
411 667 167 56 relatifs
536 667 70 56 à
564 667 126 56 cette
648 667 167 56 affaire,
773 667 209 56 déclaration
941 667 98 56 des
997 667 140 56 curés,
1080 667 140 56 discours

271 703 76 55 de
309 703 177 55 Vandeuvre.
448 703 189 55 Hion
599 703 63 55 à
624 703 88 55 ses
675 703 189 55 concitoyens
826 703 126 55 contre
914 703 240 55 Lambert
1104 703 113 55 réponse

267 737 89 57 de
312 737 89 57 ce
356 737 178 57 dernier,
489 737 148 57 précis
593 737 104 57 des
652 737 148 57 causes
755 737 89 57 de
800 737 281 57 l’insurrection,
1036 737 89 57 de
1081 737 133 57 Caen,
1155 737 59 57 la

269 769 165 51 société
389 769 240 51 républicaine
584 769 75 51 à
614 769 90 51 la
659 769 225 51 Convention,
839 769 180 51 conduite
959 769 255 51 révolutionnaire

269 796 105 64 des
329 796 164 64 commune
448 796 90 64 et
493 796 164 64 société
613 796 194 64 populaire
762 796 90 64 de
807 796 135 64 Caen,
897 796 120 64 avec
972 796 90 64 la
1017 796 194 64 signature
1151 796 60 64 de

271 841 261 55 Dautresmé
493 841 118 55 aîné,
572 841 78 55 et
611 841 170 55 bulletins
741 841 91 55 des
794 841 170 55 autorités
924 841 196 55 constituées
1081 841 144 55 réunies
1173 841 39 55 à

279 883 135 47 Laen;
369 883 135 47 1793,
460 883 75 47 4
490 883 181 47 numéros,
625 883 135 47 etc.,
715 883 120 47 plus
791 883 105 47 une
851 883 135 47 pièce
941 883 150 47 signée
1046 883 90 47 de
1077 883 135 47 l’admi-

272 913 197 60 nistration
427 913 84 60 du
469 913 183 60 Calvados,
610 913 84 60 en
652 913 113 60 l’an
722 913 99 60 II;
779 913 84 60 20
821 913 141 60 pièces
919 913 127 60 in-8e
1004 913 84 60 et
1046 913 141 60 in-4°.
1145 913 84 60 20
1173 913 42 60 »

296 942 230 60 (Collection
480 942 215 60 historique
649 942 123 60 très
725 942 230 60 précieuse.)

205 967 114 70 12.
270 967 179 70 MANCHE.
400 967 163 70 Voyage
515 967 130 70 dans
596 967 98 70 ce
645 967 261 70 département,
857 967 147 70 1792,
955 967 163 70 in-8e,
1069 967 147 70 carte
1151 967 65 70 et

268 1012 131 64 lig.,
356 1012 160 64 adresse
473 1012 102 64 des
531 1012 160 64 députés
647 1012 73 64 à
677 1012 131 64 leurs
764 1012 219 64 commettans,
939 1012 175 64 pétition
1070 1012 87 64 en
1099 1012 117 64 faveur

262 1050 68 52 de
296 1050 217 52 Chauffer
478 1050 114 52 contre
558 1050 205 52 Valois
729 1050 80 52 les
775 1050 182 52 Républicains
923 1050 68 52 de
957 1050 228 52 Valognes
1140 1050 68 52 let-

261 1084 98 50 tre
317 1084 70 50 à
345 1084 84 50 M.
387 1084 265 50 Becheret
610 1084 153 50 évêque,
721 1084 153 50 adresse
833 1084 84 50 du
874 1084 139 50 clergé
972 1084 84 50 de
1014 1084 181 50 Saint-Lô,
1139 1084 70 50 Mo-

271 1117 112 61 tion
341 1117 84 61 de
383 1117 181 61 Lecointre
522 1117 98 61 sur
578 1117 84 61 la
620 1117 209 61 destitution
787 1117 84 61 de
829 1117 265 61 Lalande
1053 1117 154 61 Rapport
1150 1117 56 61 de

275 1148 236 63 Rlourdon
474 1148 75 63 et
511 1148 299 63 Lecarpentier
772 1148 149 63 délégués
884 1148 100 63 dans
947 1148 75 63 le
984 1148 199 63 département,
1133 1148 75 63 rap-

272 1186 135 58 ports
362 1186 90 58 de
407 1186 240 58 Lecarpentier
602 1186 105 58 sur
662 1186 90 58 sa
707 1186 180 58 mission,
842 1186 225 58 etc.;lettre
1022 1186 150 58 signée
1127 1186 90 58 de
1157 1186 60 58 la

270 1221 147 58 société
377 1221 174 58 populaire
510 1221 80 58 de
551 1221 241 58 Mortain
751 1221 80 58 au
791 1221 134 58 comité
885 1221 80 58 de
925 1221 120 58 salut
1005 1221 147 58 public,
1099 1221 107 58 pièces

267 1258 161 57 signées
384 1258 102 57 par
443 1258 102 57 les
501 1258 278 57 administrateurs
735 1258 88 57 du
779 1258 219 57 département
954 1258 88 57 et
998 1258 88 57 de
1042 1258 88 57 la
1071 1258 132 57 commune

262 1278 80 74 de
302 1278 174 74 Mortagne,
436 1278 94 74 ans
489 1278 80 74 II
529 1278 80 74 et
569 1278 107 74 III;
636 1278 107 74 deux
703 1278 120 74 L.
784 1278 147 74 a.s
891 1278 80 74 de
931 1278 174 74 Cottereau
1065 1278 80 74 et
1092 1278 120 74 mémoire

258 1328 91 65 de
303 1328 91 65 sa
349 1328 181 65 conduite
485 1328 196 65 politique
636 1328 212 65 (documents
802 1328 196 65 curieux),
953 1328 91 65 25
983 1328 121 65 pièces

270 1351 71 44 in-8°.
320 1351 43 44 17
334 1351 28 44 50

256 1374 100 79 13.
313 1374 129 79 ORNE.
399 1374 144 79 Voyage
500 1374 115 79 dans
571 1374 86 79 ce
614 1374 230 79 département,
801 1374 129 79 1792,
887 1374 144 79 in-8°,
988 1374 129 79 carte
1074 1374 86 79 et
1103 1374 100 79 fig.,

257 1429 59 64 3
281 1429 130 64 lettres
375 1429 95 64 à-M.
434 1429 106 64 Le
505 1429 177 64 Fessier
647 1429 83 64 par
694 1429 307 64 Delahouardiere
966 1429 130 64 réponse
1060 1429 71 64 de
1084 1429 130 64 Le

261 1467 249 58 Fessier
470 1467 79 58 le
510 1467 105 58 curé
575 1467 79 58 un
615 1467 92 58 peu
667 1467 131 58 franc,
759 1467 157 58 discours
877 1467 157 58 prononcé
994 1467 65 58 à
1021 1467 79 58 la
1060 1467 105 58 fête
1112 1467 92 58 célé-

261 1493 115 69 brée
333 1493 72 69 à
361 1493 173 69 Alençon,
491 1493 86 69 an
534 1493 115 69 III,
607 1493 173 69 discours
736 1493 101 69 sur
794 1493 86 69 le
837 1493 202 69 fanatisine
996 1493 202 69 religieux,
1140 1493 72 69 par

269 1526 240 68 Poulard
472 1526 139 68 vicaire
573 1526 177 68 épiscopal,
712 1526 127 68 lettre
801 1526 76 68 de
839 1526 253 68 Levencur
1054 1526 152 68 maréchal
1155 1526 51 68 de

263 1568 128 60 camp,
348 1568 171 60 discours
476 1568 85 60 du
519 1568 185 60 proçureur
662 1568 85 60 de
704 1568 85 60 la
747 1568 157 60 commune
861 1568 85 60 de
904 1568 228 60 Sces
1075 1568 128 60 rapport

253 1592 91 69 de
298 1592 197 69 Baraillon
450 1592 106 69 sur
510 1592 91 69 la
555 1592 166 69 commune
676 1592 91 69 de
722 1592 197 69 Mortagne,
873 1592 197 69 rapports,
1024 1592 182 69 adresses
1145 1592 61 69 et

259 1636 176 65 discours
392 1636 176 65 relatifs
524 1636 88 65 au
568 1636 235 65 département,
759 1636 88 65 et
803 1636 103 65 nne
862 1636 132 65 pièce
950 1636 147 65 signée
1053 1636 103 65 des
1097 1636 103 65 admi-

263 1672 185 48 nistrateurs
410 1672 74 48 en
447 1672 99 48 l’an
509 1672 74 48 V,
546 1672 74 48 23
583 1672 135 48 pièces.
681 1672 62 48 8
694 1672 49 48 50

259 1702 104 68 14.
319 1702 104 68 ILE
378 1702 89 68 DE
423 1702 149 68 FRANCE
527 1702 224 68 (Seine).
706 1702 149 68 Voyage
811 1702 119 68 dans
885 1702 89 68 ce
930 1702 238 68 département,
1109 1702 104 68 1792,

257 1738 149 69 in-8°,
361 1738 134 69 carte
451 1738 89 69 et
495 1738 134 69 fig.,
585 1738 149 69 listes
689 1738 89 69 et
734 1738 253 69 procès-verbal
942 1738 104 69 des
1002 1738 208 69 assemblées
1150 1738 60 69 du

261 1774 204 67 Tiers-État
422 1774 87 67 et
466 1774 87 67 du
509 1774 160 67 clergé,
626 1774 146 67 détail
728 1774 131 67 exact
815 1774 87 67 de
859 1774 204 67 l’horrible
1019 1774 175 67 massacre
1136 1774 73 67 des

254 1809 168 63 citoyens
380 1809 84 63 de
422 1809 84 63 la
464 1809 168 63 chapelle
590 1809 224 63 Saint-Denis,
771 1809 70 63 3
799 1809 154 63 pièces,
911 1809 140 63 détail
1009 1809 84 63 de
1037 1809 168 63 l'horrible

256 1842 183 67 massacre
393 1842 152 67 arrivé
499 1842 76 67 à
530 1842 259 67 Clignancourt,
743 1842 167 67 adresse
864 1842 91 67 de
910 1842 91 67 la
956 1842 167 67 commune
1077 1842 91 67 de
1108 1842 91 67 Cla-

254 1882 134 53 mart,
343 1882 134 53 1790,
432 1882 89 53 la
477 1882 163 53 société
596 1882 193 53 populaire
744 1882 341 53 d’Issy-la-Montagne,
1041 1882 163 53 adresse
1145 1882 59 53 de

253 1911 91 68 la
298 1911 168 68 commune
420 1911 152 68 d’Orly
527 1911 76 68 à
557 1911 91 68 la
603 1911 228 68 Convention,
786 1911 152 68 départ
892 1911 91 68 du
938 1911 152 68 ballon
1045 1911 91 68 de
1075 1911 122 68 Saint-

251 1948 153 65 Cloud,
358 1948 153 65 grande
465 1948 153 65 môtion
572 1948 122 65 pour
648 1948 92 65 la
694 1948 229 65 suppression
878 1948 92 65 de
924 1948 92 65 la
970 1948 153 65 prison
1077 1948 92 65 de
1107 1948 92 65 Vin-

255 1987 165 50 cennes,
375 1987 120 50 etc.
450 1987 120 50 Onze
525 1987 150 50 pièces
630 1987 120 50 avec
705 1987 195 50 vignettes
855 1987 150 50 toutes
960 1987 165 50 signées
1080 1987 90 50 et
1110 1987 90 50 éma-

251 2022 108 57 nées
319 2022 95 57 des
373 2022 162 57 diverses
495 2022 257 57 administrations
712 2022 81 57 de
752 2022 81 57 la
793 2022 135 57 Seine,
888 2022 81 57 de
928 2022 108 57 l’an
996 2022 81 57 II
1037 2022 68 57 à
1064 2022 108 57 l’an
1118 2022 81 57 VII,

242 2045 74 61 40
279 2045 123 61 pièces
365 2045 111 61 in-8e
438 2045 74 61 et
475 2045 123 61 in-4e.
562 2045 74 61 12
586 2045 37 61 »

242 2083 100 72 15.
299 2083 128 72 OISE.
384 2083 142 72 Voyage
484 2083 128 72 dans,
569 2083 85 72 ce
612 2083 228 72 département,
797 2083 128 72 1792,
883 2083 142 72 in-8°,
982 2083 128 72 carte
1068 2083 85 72 et
1096 2083 100 72 fig,,

251 2125 126 62 précis
340 2125 177 62 historique
478 2125 76 62 de
516 2125 177 62 l’attentat
655 2125 76 62 de
693 2125 227 62 Billon
882 2125 151 62 horloger
995 2125 63 62 à
1020 2125 139 62 Senlis,
1109 2125 88 62 in

248 2156 141 65 grâv.,
347 2156 169 65 discours
474 2156 169 65 prononcé
601 2156 71 65 à
629 2156 85 65 la
671 2156 113 65 fête
742 2156 183 65 nationale
883 2156 85 65 de
925 2156 141 65 Senlis
1024 2156 99 65 sur
1066 2156 127 65 l’école

238 2195 91 65 ade
290 2195 183 65 Liancourt,
434 2195 157 65 pétilion
552 2195 65 65 à
578 2195 78 65 la
617 2195 183 65 Convention
761 2195 91 65 sur
813 2195 91 65 les
865 2195 157 65 citoyens
983 2195 78 65 de
1009 2195 183 65 Beau

251 2230 204 65 vais
417 2230 141 65 adresse
520 2230 89 65 des
571 2230 102 65 amis
635 2230 77 65 de
673 2230 77 65 la
711 2230 204 65 Constitution
877 2230 77 65 de
916 2230 256 65 Bcauvais,
1120 2230 77 65 rap-

248 2265 110 64 port
317 2265 83 64 de
359 2265 262 64 Thevenin
580 2265 97 64 sur
635 2265 83 64 le
676 2265 207 64 département
842 2265 83 64 de
883 2265 152 64 l’Oise,
994 2265 152 64 rapport
1104 2265 83 64 de
1132 2265 69 64 Co-

238 2300 133 61 chon,
327 2300 89 61 et
371 2300 177 61 Viennet,
504 2300 89 61 en
549 2300 163 61 mission
667 2300 118 61 dans
741 2300 89 61 ce
785 2300 237 61 département,
977 2300 192 61 adresses,
1110 2300 89 61 etc.
