1626 2593
686 188 116 57 11

331 241 160 50 Beaune,
448 241 145 50 sigifé
549 241 102 50 par
608 241 102 50 les
666 241 160 50 membres
782 241 87 50 de
826 241 87 50 ce
869 241 189 50 district,
1014 241 87 50 34
1058 241 145 50 pièces
1160 241 116 50 in-8
1218 241 58 50 et

337 286 63 43 in-4.
379 286 42 43 13
393 286 28 43 50

263 316 118 51 51.
330 316 320 51 SAONE-ET-LOIRE.
600 316 168 51 Voyage
718 316 135 51 dans
802 316 101 51 ce
852 316 269 51 départeient,
1071 316 151 51 1793,
1155 316 118 51 carte

334 360 75 39 et
372 360 113 39 fig.,
448 360 276 39 Bigonnetaux
686 360 151 39 citoyens
799 360 75 39 de
837 360 126 39 Macon,
925 360 126 39 lettre
1013 360 75 39 de
1038 360 239 39 Masuyer

324 390 99 43 aux
381 390 227 43 républicains
565 390 85 43 de
607 390 170 43 Louhâns,
735 390 227 43 compte-rendu
919 390 85 43 de
962 390 156 43 Noël
1075 390 199 43 Pointe
1217 390 57 43 en

331 421 231 47 missioncdans
518 421 87 47 ce
561 421 231 47 département,
749 421 173 47 discours
879 421 87 47 de
922 421 332 47 Guillemardet
1211 421 72 47 à
1225 421 58 47 la

321 463 167 36 société
442 463 197 36 populaire
594 463 182 36 d’Autun,
730 463 167 36 mémoire
851 463 121 36 pour
927 463 91 36 la
973 463 136 36 ville
1064 463 91 36 de
1094 463 182 36 Montcenis,

332 493 193 42 discours
476 493 193 42 prononcé
621 493 177 42 à(Macon
749 493 128 42 pour
830 493 96 42 la
878 493 128 42 fête
958 493 96 42 du
1006 493 96 42 10
1054 493 144 42 août,
1135 493 144 42 procès-

336 525 164 41 verbaux
455 525 89 41 de
500 525 223 41 l’assémblée
679 525 89 41 du
723 525 238 41 département;
917 525 164 41 adresse
1036 525 104 41 des
1080 525 194 41 administra-

320 560 134 45 teurs
410 560 164 45 d’Autun
529 560 75 45 à
559 560 134 45 leurs
648 560 238 45 concitoyens,
842 560 89 45 an
886 560 119 45 III,
961 560 89 45 30
1006 560 149 45 pièces
1095 560 179 45 originales

327 601 89 37 et
372 601 177 37 signées,
504 601 162 37 émanées
622 601 89 37 de
667 601 89 37 la
711 601 162 37 société
829 601 103 37 des
888 601 192 37 Jacobins,
1036 601 89 37 du
1080 601 148 37 comité
1169 601 103 37 révo-

330 630 222 46 lutionnaire
508 630 89 46 et
552 630 103 46 des
611 630 222 46 différentes
788 630 192 46 autorités
936 630 89 46 de
980 630 148 46 Macon,
1084 630 103 46 des
1128 630 148 46 représen

332 665 125 41 tants
415 665 83 41 en
457 665 167 41 mission,
582 665 83 41 de
624 665 111 41 l’an
693 665 83 41 II
735 665 83 41 et
776 665 83 41 de
818 665 111 41 l’an
887 665 111 41 III,
957 665 139 41 toutes
1054 665 180 41 Felatives
1193 665 69 41 à
1207 665 69 41 des

327 699 268 46 fonctionnaires
550 699 164 46 publics
669 699 89 46 et
714 699 104 46 aux
773 699 193 46 événemens
922 699 104 46 qui
982 699 89 46 se
1026 699 119 46 sont
1101 699 149 46 passés
1190 699 89 46 dans

328 741 130 35 cette
414 741 130 35 ville
501 741 188 35 (documens
645 741 144 35 locaux
746 741 87 35 et
790 741 188 35 inédits),
934 741 72 35 5
963 741 144 35 pièces
1064 741 159 35 demmême
1165 741 116 35 nature

329 772 88 45 du
373 772 176 45 district
506 772 103 45 ide
564 772 206 45 Charolles,
726 772 88 45 7,
770 772 88 45 de
814 772 176 45 Uhâlons;
946 772 73 45 4
975 772 88 45 de
1019 772 191 45 Marcigny,
1166 772 73 45 7
1181 772 88 45 con-

333 803 172 44 cernant
458 803 156 44 Autun,
568 803 94 44 au
614 803 156 44 nombre
724 803 219 44 desquelles
895 803 94 44 se
942 803 203 44 trouvent:
1098 803 94 44 un
1130 803 140 44 réquisi

331 840 127 38 toire
416 840 85 38 et
458 840 99 38 des
514 840 155 38 arrêtés
627 840 85 38 du
669 840 169 38 distriêt
796 840 113 38 pour
867 840 169 38 traduire
994 840 141 38 devant
1093 840 85 38 le
1135 840 113 38 jury
1191 840 85 38 plu-

330 876 141 38 sieurs
429 876 170 38 prévenus
556 876 85 38 de
598 876 198 38 vandalisme
754 876 85 38 et
796 876 240 38 dilapidations
994 876 170 38 signalés
1122 876 113 38 dans
1178 876 99 38 cette

333 910 134 46 pièce
423 910 90 46 de
467 910 90 46 48
512 910 134 46 pages
602 910 164 46 in-fol.
721 910 194 46 (documens
870 910 179 46 précieux
1004 910 119 46 pour
1064 910 209 46 laslocalité)

323 945 94 44 en
370 945 140 44 fout,
464 945 94 44 24
510 945 203 44 brochures
666 945 125 44 in-8
744 945 187 44 et-in-4,
884 945 94 44 et
931 945 94 44 67
978 945 156 44 pièces
1071 945 203 44 autographes

329 984 151 42 formant
439 984 83 42 un
481 984 110 42 très
549 984 110 42 gros
618 984 165 42 dossier.
742 984 83 42 43
770 984 41 42 »

720 1017 59 41 52.
753 1017 178 41 bFRANCHE-COMTÉ</>
906 1017 42 41 —
931 1017 135 41 Jura
1041 1017 85 41 Voyage
1100 1017 68 41 dans
1143 1017 51 41 ce
1160 1017 118 41 département,

334 1046 133 41 4792,
423 1046 133 41 in-8,
511 1046 133 41 carte
600 1046 89 41 et
644 1046 133 41 fig.,
733 1046 162 41 adresse
851 1046 89 41 de
895 1046 89 41 la
939 1046 162 41 soéiété
1058 1046 221 41 montagnarde
1220 1046 59 41 de

329 1086 125 41 Dôle
407 1086 78 41 à
439 1086 94 41 la
485 1086 234 41 Convention,
672 1086 171 41 adresse
797 1086 109 41 des
859 1086 249 41 républicains
1062 1086 203 41 d’Arbois,
1202 1086 78 41 les

327 1118 239 40 oppresseurs
518 1118 95 40 du
566 1118 143 40 Jura,
661 1118 255 40 proclamation
868 1118 111 40 des
932 1118 255 40 républicains
1139 1118 95 40 du
1171 1118 111 40 Jura,

327 1155 150 41 mémoire
437 1155 219 41 justificatif
615 1155 82 41 de
656 1155 192 41 Gueraut
806 1155 233 41 Lapalièré
998 1155 82 41 de
1039 1155 123 41 Dôle;
1121 1155 96 41 les
1162 1155 123 41 députés

333 1187 82 42 dû
374 1187 110 42 Jura
443 1187 69 42 à
470 1187 123 42 leurs
553 1187 192 42 collègues,
704 1187 110 42 fête
772 1187 206 42 patriotique
937 1187 69 42 à
964 1187 123 42 Dôle,
1047 1187 233 42 Lemare
1225 1187 55 42 et

333 1221 256 43 Génisset
548 1221 134 43 peints
642 1221 94 43 par
696 1221 188 43 eux-mêmes,
844 1221 161 43 adresses
965 1221 81 43 de
1005 1221 269 43 l’administration
1220 1221 54 43 de

322 1257 301 41 Lons-le-Saunier,
578 1257 135 41 etc.;
668 1257 75 41 3
698 1257 150 41 pièces
803 1257 165 41 signées
923 1257 105 41 par
983 1257 105 41 les
1028 1257 256 41 administrateurs

327 1294 90 35 du
372 1294 241 35 département,
568 1294 106 35 ans
629 1294 106 35 II,
689 1294 75 35 V
719 1294 90 35 et
764 1294 106 35 VI,
825 1294 90 35 34
870 1294 151 35 pièces
975 1294 121 35 in-8
1051 1294 90 35 et
1096 1294 136 35 in-4.
1187 1294 90 35 44
1217 1294 60 35 50

251 1320 110 55 53.
314 1320 251 55 HAUTE-SAONE.
518 1320 157 55 Voyage
628 1320 126 55 dans
706 1320 94 55 ce
753 1320 251 55 département,
957 1320 141 55 carte
1051 1320 94 55 et
1098 1320 141 55 fig.,
1177 1320 94 55 rap-

326 1365 106 39 port
392 1365 80 39 et
432 1365 213 39 compte-rendu
605 1365 80 39 de
644 1365 226 39 Siblot
830 1365 80 39 et
870 1365 239 39 Michaud
1069 1365 80 39 en
1109 1365 146 39 mission
1202 1365 80 39 dans

326 1396 97 44 ce
374 1396 258 44 département,
584 1396 145 44 crime
681 1396 178 44 affreux
810 1396 161 44 commis
923 1396 97 44 au
971 1396 178 44 château
1100 1396 97 44 de
1133 1396 145 44 Quincé,

323 1439 281 40 procès-verbaux
558 1439 94 40 de
604 1439 234 40 l’assemblée
792 1439 94 40 du
839 1439 250 40 département,
1042 1439 141 40 etc.;
1135 1439 78 40 2
1151 1439 125 40 pièces

324 1467 164 44 signées
443 1467 104 44 par
503 1467 104 44 les
562 1467 283 44 administrateurs
800 1467 89 44 du
845 1467 238 44 département,
1038 1467 104 44 ans
1098 1467 74 44 y
1127 1467 89 44 et
1172 1467 104 44 VI,
1217 1467 59 44 13

333 1502 126 45 pièces
421 1502 113 45 in-8.
497 1502 63 45 7
509 1502 38 45 »

253 1532 110 43 54.
316 1532 172 43 -DOUBS.
441 1532 157 43 Vovage
551 1532 125 43 dans
629 1532 94 43 ce
676 1532 251 43 département,
880 1532 141 43 1792,
974 1532 141 43 carte
1068 1532 94 43 et
1115 1532 141 43 fig.,
1194 1532 78 43 rap

328 1574 156 40 portiide
445 1574 221 40 Sibtot
627 1574 78 40 et
666 1574 234 40 Michaud
861 1574 78 40 en
900 1574 143 40 mission
1004 1574 104 40 dans
1069 1574 78 40 ce
1095 1574 182 40 département,

325 1611 160 36 adresse
442 1611 87 36 de
485 1611 87 36 la
529 1611 160 36 commune
645 1611 87 36 de
689 1611 378 36 Nancray,comptes-rendus
1023 1611 87 36 de
1052 1611 232 36 Bernard

331 1641 120 46 de
411 1641 200 46 Saintes
570 1641 93 46 sur
624 1641 120 46 saint
703 1641 186 46 Hippolyte,
850 1641 213 46 dénonciation
1023 1641 133 46 contre
1116 1641 80 46 le
1156 1641 107 46 club
1209 1641 67 46 des

332 1676 185 46 Jacobins
471 1676 108 46 par
532 1676 108 46 500
594 1676 185 46 citoyens
733 1676 93 46 de
780 1676 278 46 Besançong’etc;
1011 1676 77 46 2
1042 1676 155 46 pièces
1135 1676 139 46 signées

328 1712 100 39 des
385 1712 285 39 administrateurs,
627 1712 100 39 ans
685 1712 86 39 I1
727 1712 86 39 et
770 1712 128 39 VIII;
856 1712 86 39 20
899 1712 143 39 pièées
999 1712 114 39 in-8
1070 1712 86 39 et
1113 1712 128 39 in-4.
1198 1712 86 39 18
1227 1712 57 39 50

324 1747 97 44 55.
380 1747 153 44 POTTOU.
491 1747 70 44 —
519 1747 237 44 Vienne.
714 1747 139 44 Voyage
811 1747 111 44 dans
881 1747 83 44 ce
922 1747 223 44 département,
1103 1747 83 44 an
1145 1747 97 44 II,
1187 1747 97 44 carte

331 1780 84 45 et
373 1780 125 45 fig.,
457 1780 98 45 sur
512 1780 98 45 les
568 1780 181 45 élections
707 1780 84 45 de
749 1780 181 45 Poitiers,
889 1780 167 45 histoire
1014 1780 84 45 du
1056 1780 195 45 terrorisme
1195 1780 84 45 dans

333 1818 92 40 le
379 1818 260 40 départementde
593 1818 92 40 la
639 1818 168 40 Vienne,
761 1818 107 40 par
822 1818 352 40 Thibéaudeau
1113 1818 168 40 rapports,

331 1855 251 36 comptes-rendus
540 1855 84 36 et
582 1855 167 36 réponses
707 1855 84 36 de
749 1855 195 36 Piorry;
902 1855 167 36 Lejeune,
1013 1855 265 36 Thibeaudeau

328 1885 232 37 Ingrand
522 1885 77 37 et
560 1885 232 37 Chauvin
754 1885 77 37 en
793 1885 142 37 mission
896 1885 103 37 dans
960 1885 77 37 ce
999 1885 206 37 département,
1167 1885 116 37 etc.;
1231 1885 52 37 et

331 1919 72 42 2
359 1919 144 42 pièces
460 1919 101 42 des
518 1919 288 42 administrateurs,
762 1919 101 42 ans
820 1919 101 42 III
877 1919 86 42 et
920 1919 86 42 v,
964 1919 86 42 22
1007 1919 144 42 pièces
1107 1919 129 42 in-8.
1194 1919 86 42 17
1222 1919 58 42 50

253 1945 106 53 56.
313 1945 272 53 VENDÉE
540 1945 151 53 Voyage
645 1945 121 53 dans
721 1945 91 53 ce
766 1945 241 53 département,
962 1945 136 53 1794,
1053 1945 136 53 carte
1143 1945 91 53 et
1173 1945 106 53 fig.,

335 1994 147 33 rapport
442 1994 80 33 de
482 1994 241 33 Richard
682 1994 80 33 et
722 1994 254 33 Choudieu
936 1994 94 33 sur
990 1994 80 33 la
1030 1994 147 33 Vendée,
1137 1994 147 33 rapport
1231 1994 53 33 de

327 2026 245 40 Barère
528 2026 101 40 sur
586 2026 86 40 la
629 2026 202 40 pourstuite
788 2026 101 40 des
846 2026 173 40 brigands
975 2026 86 40 de
1019 2026 86 40 la
1062 2026 159 40 Vendée,
1163 2026 115 40 grande

321 2061 204 49 parabole
474 2061 136 49 d’un
559 2061 170 49 curéde
678 2061 102 49 la
729 2061 187 49 Vendée,
864 2061 204 49 rapport,
1017 2061 272 49 observations
1221 2061 68 49 et

335 2097 242 39 comptes-rendus
536 2097 81 39 de
577 2097 175 39 Hentz,
711 2097 242 39 Francastet
913 2097 81 39 et
953 2097 242 39 Prieur,
1155 2097 94 39 sur
1195 2097 81 39 leur

332 2132 156 45 mission,
449 2132 143 45 opinion
553 2132 234 45 d'Isoré
748 2132 78 45 et
787 2132 130 45 lettre
877 2132 78 45 de
916 2132 195 45 Brue
1072 2132 91 45 sur
1124 2132 91 45 sla
1163 2132 117 45 Vendée,

322 2166 142 46 réponse
426 2166 78 46 de
464 2166 311 46 Philippeaux,
736 2166 168 46 manifeste
866 2166 78 46 de
905 2166 207 46 Charette,
1073 2166 220 46 Chapelain
1241 2166 39 46 à

329 2199 94 43 ses
382 2199 188 43 collègues,
530 2199 94 43 sur
584 2199 94 43 lla
638 2199 148 43 Vendée,
745 2199 269 43 Charette,
974 2199 121 43 drame
1054 2199 188 43 politique,
1189 2199 94 43 1833,

321 2236 165 38 straité
441 2236 90 38 de
486 2236 120 38 paix
561 2236 135 38 signé
651 2236 90 38 et
696 2236 180 38 proclamé
831 2236 75 38 à
861 2236 165 38 Nantes,
981 2236 90 38 ou
1026 2236 105 38 les
1086 2236 180 38 Vendéens
1206 2236 75 38 ont

268 2271 130 50 rendu
354 2271 101 50 les
412 2271 144 50 armes,
513 2271 144 50 détail
614 2271 101 50 sur
672 2271 87 50 le
715 2271 144 50 fameux
817 2271 173 50 dîner-de
947 2271 289 50 Charette,
1178 2271 101 50 etc.:
