1563 2611
810 181 102 60 20

426 225 172 59 mémoire
552 225 125 59 pour
630 225 110 59 les
693 225 204 59 ministres
849 225 235 59 catholiques
1038 225 94 59 de
1085 225 219 59 Bruxelles,
1241 225 157 59 adresses

426 279 96 37 et
474 279 175 37 rapport
601 279 96 37 de
649 279 207 37 Cochelet,
808 279 159 37 comité
920 279 303 37 révolutionnaire
1175 279 112 37 des
1239 279 159 37 Belges
1334 279 64 37 et

424 304 198 51 Liégeois,
576 304 137 51 etc.,
667 304 137 51 plus,
758 304 91 51 12
804 304 152 51 pièces
910 304 167 51 signées
1032 304 91 51 et
1078 304 167 51 émanées
1199 304 106 51 des
1245 304 152 51 adminis-

426 343 155 50 teurs
529 343 121 50 des
598 343 276 50 départements
822 343 241 50 ci-dessus,
1012 343 121 50 105
1081 343 172 50 pièces
1201 343 155 50 in-8.
1305 343 103 50 33
1339 343 52 50 »

355 354 144 73 110.
445 354 233 73 BeLGIQUE.
624 354 215 73 Rapports
786 354 108 73 de
840 354 197 73 Merlin.
983 354 233 73 Haussmann
1163 354 108 73 et
1199 354 197 73 Roberjot,

423 417 110 40 sur
486 417 141 40 leurs
580 417 189 40 missious
722 417 126 40 dans
801 417 94 40 la
848 417 204 40 Belgique,
1005 417 173 40 rapport
1131 417 110 40 des
1178 417 220 40 commissaires

426 454 129 41 près
507 454 178 41 l’armée
636 454 97 41 de
685 454 210 41 Belgique,
846 454 275 41 compte-rendu,
1073 454 97 41 ar
1121 454 226 41 Delacroix,
1299 454 97 41 de
1331 454 65 41 sa

425 487 201 39 conduite
576 487 134 39 dans
659 487 117 39 la.
726 487 217 39 Belgique,
893 487 268 39 compte-rendu
1111 487 100 39 de
1161 487 100 39 la
1211 487 184 39 mission
1328 487 67 39 de

426 521 167 43 Portiez
547 521 91 43 de
593 521 152 43 l’Oise
699 521 91 43 et
744 521 152 43 Pérès,
851 521 167 43 recueil
972 521 106 43 des
1033 521 182 43 discours
1169 521 106 43 sur
1230 521 91 43 la
1260 521 137 43 réunion

424 555 91 44 de
469 555 91 44 la
515 555 197 44 Belgique,
666 555 152 44 détail
772 555 258 44 circonstancié
985 555 91 44 de
1030 555 91 44 la
1076 555 182 44 bataille
1212 555 91 44 de
1242 555 152 44 Jemmape,

424 595 122 43 par
493 595 191 43 Ronsin,
632 595 156 43 grand
736 595 174 43 détail
858 595 104 43 du
910 595 278 43 bombardement
1136 595 104 43 de
1170 595 226 43 Maëstricht,

424 629 147 36 détail
527 629 133 36 exact
616 629 103 36 des
675 629 177 36 cruantés
807 629 177 36 exercées
940 629 103 36 sur
998 629 103 36 les
1057 629 177 36 Français
1190 629 103 36 par
1249 629 103 36 les
1293 629 103 36 Prus-

425 664 128 46 siens
510 664 71 46 à
539 664 85 46 la
581 664 157 46 reprise
695 664 85 46 de
738 664 85 46 la
781 664 128 46 ville
866 664 85 46 de
909 664 142 46 Liège,
1009 664 157 46 rapport
1122 664 185 46 collectif
1265 664 85 46 de
1293 664 100 46 Dela-

420 692 168 51 croix,
538 692 202 51 Gossuin,
689 692 185 51 Danton,
824 692 218 51 Treilhard
992 692 101 51 et
1042 692 185 51 Robert,
1160 692 235 51 commissaires

423 732 115 47 dans
494 732 100 47 les
552 732 115 47 pays
623 732 86 47 de
666 732 86 47 la
709 732 172 47 Belgique
838 732 86 47 et
881 732 86 47 de
924 732 143 47 Liège,
1024 732 100 47 338
1081 732 143 47 pages,
1181 732 115 47 etc.
1253 732 72 47 ;
1267 732 129 47 arrêtés

425 768 185 44 originaux
567 768 100 44 des
624 768 228 44 représentans
809 768 85 44 en
851 768 171 44 mission,
980 768 128 44 datés
1065 768 85 44 de
1108 768 128 44 Liège
1193 768 85 44 et
1221 768 171 44 Bruxelles,

422 805 150 43 1793,
523 805 167 43 signés
639 805 184 43 Danton,
773 805 167 43 Camus,
890 805 234 43 Delacroix,
1074 805 184 43 Gossuin
1207 805 100 43 et
1241 805 150 43 Merlin,

423 837 143 45 l’une
519 837 111 45 de.
582 837 111 45 ces
646 837 127 45 deux
726 837 159 45 pièces
837 837 111 45 est
901 837 96 45 en
948 837 159 45 entier
1060 837 96 45 de
1108 837 96 45 la
1155 837 127 45 main
1235 837 96 45 de
1267 837 127 45 Camus,

415 877 116 42 4
461 877 209 42 pages
601 877 186 42 in-4
717 877 140 42 et
787 877 279 42 in-fol.,
996 877 140 42 14
1066 877 256 42 pièces.
1252 877 140 42 17
1299 877 93 42 50

353 879 160 75 111.
453 879 160 75 RIVE
553 879 200 75 GAUCHE
693 879 120 75 DU
753 879 180 75 RHIN.
873 879 160 75 Rhin
972 879 120 75 et
1032 879 240 75 Moselle,
1212 879 120 75 la
1252 879 140 75 Roër,

422 934 132 48 mont
504 934 198 48 Tonnerre
652 934 99 48 et
701 934 99 48 la
751 934 165 48 Sarre,
866 934 165 48 voyage
981 934 132 48 dans
1064 934 115 48 ces
1130 934 165 48 quatre
1228 934 165 48 départe-

424 982 130 47 mens,
510 982 130 47 1802,
597 982 72 47 à
626 982 130 47 in-8,
713 982 145 47 cartes
814 982 87 47 et
858 982 130 47 fig.;
944 982 87 47 la
988 982 116 47 rive
1060 982 145 47 gauche
1161 982 87 47 du
1205 982 130 47 Rhin,
1277 982 116 47 limite

423 1008 90 55 de
468 1008 90 55 la
513 1008 209 55 république
677 1008 209 55 française,
841 1008 104 55 par
901 1008 179 55 Boehmer,
1035 1008 90 55 an
1080 1008 104 55 IV,
1139 1008 134 55 in-8,
1229 1008 119 55 fig.
1289 1008 104 55 (avec

422 1055 134 40 envoi
512 1055 90 40 a.
556 1055 90 40 s.
601 1055 90 40 de
646 1055 209 40 l’auteur),
810 1055 179 40 discours
944 1055 90 40 de
989 1055 164 40 Dercfié
1108 1055 104 40 des
1168 1055 164 40 Vosges,
1288 1055 119 40 etc.
1347 1055 45 40 ;

419 1081 173 49 lettres
545 1081 173 49 signées
671 1081 110 49 des
733 1081 298 49 administrateurs
985 1081 94 49 de
1032 1081 267 49 Mont-Tonnerre
1252 1081 94 49 et
1299 1081 94 49 de
1330 1081 63 49 la

421 1121 154 50 Sarre,
528 1121 92 50 en
575 1121 123 50 l’an
652 1121 108 50 Vi,
713 1121 92 50 et
759 1121 92 50 L.
806 1121 92 50 a.
852 1121 92 50 s.
898 1121 92 50 du
944 1121 154 50 préfet
1052 1121 92 50 de
1098 1121 92 50 la
1145 1121 154 50 Sarre,
1252 1121 92 50 en
1283 1121 108 50 1807,

411 1152 132 43 2
463 1152 238 43 pages
622 1152 317 43 in-fol.,
860 1152 159 43 12
939 1152 264 43 pièces
1125 1152 238 43 in-8.
1283 1152 132 43 8
1310 1152 79 43 »

352 1163 144 67 112.
442 1163 198 67 LANDAU.
586 1163 216 67 Rapports
747 1163 108 67 de
801 1163 198 67 Delmas,
945 1163 198 67 Becker,
1089 1163 216 67 Dentzel,
1232 1163 162 67 Lacoste

421 1222 99 46 et
470 1222 181 46 Baudot,
601 1222 181 46 envoyés
733 1222 99 46 en
782 1222 181 46 mission
914 1222 82 46 à
947 1222 181 46 Landau,
1078 1222 197 46 mémoires
1227 1222 115 46 des
1276 1222 115 46 géné-

417 1257 137 47 raux
502 1257 171 47 Treich
622 1257 102 47 et
673 1257 239 47 Laubadère,
861 1257 120 47 sur
929 1257 102 47 la
980 1257 273 47 conspiration
1202 1257 102 47 de
1236 1257 154 47 Landau,

422 1295 178 41 mémoire
551 1295 97 41 de
600 1295 194 41 Laudier,
745 1295 210 41 ingénieur
906 1295 178 41 pendant
1036 1295 97 41 le
1084 1295 162 41 siège,
1197 1295 178 41 journal
1310 1295 81 41 des

419 1329 211 49 événemens
581 1329 114 49 qui
646 1329 114 49 ont
711 1329 97 49 eu
759 1329 130 49 lieu
841 1329 178 49 pendant
970 1329 97 49 le
1019 1329 178 49 blocus,
1149 1329 114 49 par
1197 1329 195 49 Blanchard,

420 1367 215 42 réfutation
589 1367 92 42 du
635 1367 169 42 mémoire
758 1367 92 42 de
804 1367 169 42 Trcich,
927 1367 169 42 mémoire
1050 1367 123 42 pour
1127 1367 108 42 les
1188 1367 200 42 habitans,
1327 1367 61 42 la

421 1399 123 41 pure
498 1399 154 41 vérité
605 1399 108 41 sur
667 1399 108 41 les
728 1399 200 41 événemens
882 1399 92 41 de
928 1399 169 41 Landau,
1051 1399 108 41 sur
1113 1399 92 41 la
1159 1399 200 41 prétendue
1298 1399 92 41 cage

419 1439 96 40 de
467 1439 112 40 fer
531 1439 96 40 de
578 1439 191 40 Dentzel,
722 1439 159 40 exposé
833 1439 96 40 de
881 1439 96 40 la
929 1439 191 40 conduite
1072 1439 96 40 du
1120 1439 175 40 général
1232 1439 159 40 Serviez,

419 1462 77 58 5
449 1462 185 58 lettres,
588 1462 93 58 ou
634 1462 154 58 pièces
742 1462 170 58 signées
866 1462 108 58 par
927 1462 216 58 Laubadère,
1097 1462 170 58 Delmas,
1220 1462 170 58 Dentzel
1328 1462 62 58 et

404 1504 307 41 Becker
619 1504 184 41 en
711 1504 276 41 tout,
895 1504 184 41 30
987 1504 337 41 pièces.
1233 1504 184 41 20
1294 1504 92 41 »

346 1511 144 72 113.
436 1511 468 72 FRANCFORT-SUR-LÉ-MEIN,
850 1511 198 72 Mémoire
994 1511 126 72 des
1066 1511 198 72 députés
1210 1511 90 72 à
1246 1511 108 72 la
1282 1511 108 72 con

423 1575 173 50 vention,
553 1575 173 50 relation
683 1575 145 50 exacte
784 1575 87 50 de
827 1575 188 50 l'affaire
972 1575 101 50 des
1030 1575 246 50 Francfortois,
1232 1575 145 50 lettre
1319 1575 72 50 sur

421 1606 88 51 la
465 1606 161 51 reprise
583 1606 88 51 de
627 1606 205 51 Francfort,
788 1606 117 51 très
861 1606 147 51 courte
964 1606 161 51 oraison
1081 1606 161 51 funèbre
1198 1606 103 51 des
1242 1606 147 51 citoyens

420 1649 164 39 soldats
539 1649 179 39 français
674 1649 194 39 massacrés
823 1649 119 39 dans
898 1649 209 39 Francfort,
1062 1649 149 39 quatre
1166 1649 149 39 pièces
1271 1649 119 39 in-8
1330 1649 60 39 et

198 1678 1186 49 in

347 1691 128 78 144.
427 1691 176 78 ITALIE.
555 1691 96 78 De
603 1691 96 78 la
651 1691 208 78 nécessité
811 1691 208 78 d’établir
970 1691 112 78 une
1034 1691 224 78 république
1210 1691 96 78 en
1242 1691 144 78 Italie,

418 1750 185 44 discours
556 1750 93 44 de
603 1750 154 44 Galdi,
711 1750 170 44 tableau
834 1750 108 44 des
896 1750 200 44 événemens
1050 1750 231 44 militaires,
1235 1750 93 44 le
1281 1750 108 44 cri
1327 1750 62 44 de

418 1778 185 53 l’Italie,
560 1778 228 53 portefeuille
746 1778 143 53 secret
845 1778 185 53 contenant
988 1778 100 53 une
1045 1778 128 53 suite
1130 1778 86 53 de
1173 1778 157 53 lettres
1287 1778 100 53 sur
1330 1778 57 53 la

420 1822 208 49 révolution
584 1822 178 49 projetée
717 1822 89 49 en
762 1822 163 49 Italie,
881 1822 89 49 de
925 1822 178 49 l’Italie
1059 1822 119 49 dans
1133 1822 104 49 son
1193 1822 119 49 état
1252 1822 134 49 actuel,

403 1853 276 45 1797,
587 1853 276 45 etc.,
771 1853 184 45 27
863 1853 306 45 pièces
1078 1853 276 45 in-8.
1261 1853 153 45 6
1292 1853 92 45 »

352 1863 126 72 115.
431 1863 189 72 POLOGNE.
573 1863 158 72 Précis
683 1863 110 72 des
746 1863 158 72 causes
857 1863 95 72 de
904 1863 95 72 sa
951 1863 252 72 destruction,
1156 1863 173 72 adresse
1267 1863 110 72 d'Al.

415 1921 119 46 bert
489 1921 89 46 le
534 1921 163 46 Sarmate
653 1921 74 46 à
683 1921 89 46 la
727 1921 223 46 convention,
906 1921 178 46 discours
1039 1921 104 46 des
1099 1921 178 46 réfugiés
1218 1921 163 46 polonais.

419 1964 87 45 an
462 1964 116 45 III,
534 1964 130 45 idées
621 1964 101 45 sur
679 1964 87 45 la
722 1964 173 45 Pologne,
852 1964 173 45 mémoires
982 1964 116 45 pour
1055 1964 145 45 servir
1156 1964 72 45 à
1185 1964 202 45 l’hisfoire
1329 1964 58 45 de

418 1988 91 51 la
463 1988 212 51 révolution
630 1988 91 51 de
675 1988 182 51 Pologne,
812 1988 91 51 en
857 1988 136 51 1794,
948 1988 182 51 histoire
1084 1988 91 51 de
1130 1988 91 51 la
1175 1988 197 51 prétendue
1311 1988 76 51 ré-

419 2036 184 49 volutiou
557 2036 92 49 de
603 2036 184 49 Pologne,
740 2036 107 49 par
802 2036 169 49 Méfiée.
924 2036 153 49 Paris,
1032 2036 138 49 1792,
1124 2036 123 49 etc.
1200 2036 123 49 Huit
1261 2036 123 49 broch.

383 2073 285 56 et
526 2073 285 56 un
669 2073 380 56 vol.
907 2073 428 56 in-8.
1192 2073 238 56 6
1239 2073 143 56 »

719 2102 267 57 AUTOGRAPHES.

350 2148 111 66 19.
414 2148 143 66 ANSON
509 2148 238 66 constituant
700 2148 95 66 et
747 2148 254 66 littérateur,
954 2148 159 66 Paris,
1065 2148 95 66 25
1113 2148 127 66 juin
1192 2148 143 66 1776.
1288 2148 95 66 L.
1319 2148 64 66 a.

386 2207 273 35 s.
522 2207 227 35 1
613 2207 364 35 page
840 2207 455 35 in-4°.
1159 2207 227 35 1
1204 2207 182 35 50

346 2216 114 76 20.
411 2216 179 76 AUGUIS,
541 2216 293 76 conventionnel,
785 2216 98 76 14
833 2216 179 76 février
963 2216 146 76 1809.
1061 2216 98 76 L.
1110 2216 98 76 a.
1158 2216 98 76 s.
1207 2216 81 76 1
1240 2216 130 76 page
1305 2216 81 76 1/à

343 2265 1043 70 in-fie.1
1038 2265 348 70 50
