1097 2174
472 26 104 64 —
514 26 104 64 5
535 26 62 64 —

86 88 161 51 ««Cette
203 88 161 51 lettre,
320 88 102 51 une
378 88 102 51 des
437 88 117 51 plus
510 88 190 51 curieuses
656 88 102 51 que
714 88 117 51 l’on
787 88 190 51 connaisse
933 88 88 51 de
962 88 117 51 Gérard

92 131 83 36 de
134 131 152 36 Nerval,
244 131 166 36 contient
368 131 179 36 l’analyse
506 131 110 36 d’un
575 131 124 36 sujet
658 131 83 36 de
699 131 166 36 comédie.
824 131 83 36 Ce
865 131 110 36 sont
934 131 124 36 trois
1003 131 69 36 ou-

96 169 147 43 vriers
199 169 88 43 de
243 169 206 43 Nuremberg,
405 169 118 43 sans
479 169 147 43 argent
582 169 88 43 et
626 169 118 43 sans
699 169 176 43 ouvrage,
832 169 118 43 qui,
891 169 176 43 recueillis

102 201 101 42 our
159 201 130 42 ainsi
246 201 116 42 dire
318 201 116 42 dans
390 201 87 42 un
434 201 173 42 cabaret,
564 201 144 42 rêvent
665 201 144 42 chacun
766 201 87 42 un
809 201 159 42 numéro;
925 201 130 42 2447.
997 201 72 42 Ils

97 232 157 46 mettent
211 232 128 46 alors
296 232 71 46 à
325 232 86 46 la
368 232 157 46 loterie
482 232 86 46 et
524 232 157 46 gagnent
638 232 86 46 le
681 232 114 46 gros
752 232 100 46 lot
809 232 86 46 de
852 232 171 46 100,000,
966 232 100 46 écus.

87 264 104 38 Ces
146 264 178 38 ouvriers
280 264 222 38 parviennent
458 264 89 38 au
502 264 148 38 comble
606 264 89 38 de
650 264 133 38 leurs
739 264 133 38 vœux:
828 264 133 38 l’un,
902 264 163 38 ébéniste,

92 298 140 36 épouse
190 298 84 36 la
232 298 126 36 fille
315 298 84 36 de
357 298 98 36 son
413 298 154 36 maître;
525 298 154 36 l’autre
636 298 84 36 se
678 298 112 36 fait
748 298 84 36 un
790 298 112 36 chez
860 298 112 36 lui,
929 298 140 36 enfin,
1013 298 56 36 au

90 329 159 40 dernier
205 329 130 40 acte,
292 329 116 40 deux
364 329 159 40 d’entre
480 329 101 40 eux
538 329 101 40 ont
595 329 130 40 mangé
682 329 116 40 leur
754 329 159 40 argent,
870 329 116 40 mais
928 329 130 40 Jacques

95 365 113 38 celui
171 365 88 38 qui
221 365 63 38 a
246 365 126 38 épousé
334 365 75 38 la
372 365 113 38 fille
447 365 75 38 de
485 365 88 38 son
535 365 138 38 patron,
636 365 75 38 et
673 365 88 38 qui
724 365 63 38 a
749 365 101 38 fait
812 365 75 38 de
849 365 126 38 bonnes
925 365 138 38 affaires,

97 393 127 37 offre
182 393 99 37 une
238 393 170 37 position
366 393 71 37 à
394 393 99 37 ses
451 393 212 37 compagnons.
621 393 71 37 —
649 393 85 37 Il
692 393 71 37 y
720 393 71 37 a
748 393 113 37 dans
819 393 127 37 cette
904 393 156 37 comédie
1003 393 71 37 des

86 423 151 41 scènes
191 423 121 41 fort
267 423 211 41 amusantes.
433 423 75 41 —
463 423 151 41 Gérard
568 423 90 41 de
614 423 151 41 Nerval
719 423 166 41 demande
840 423 75 41 à
870 423 90 41 M.
915 423 90 41 de
945 423 121 41 Saint-

93 461 141 44 George
192 461 85 44 ce
234 461 127 44 qu’il
319 461 127 44 pense
404 461 85 44 de
447 461 85 44 ce
489 461 141 44 sujet.
588 461 99 44 «La
645 461 212 44 perspective
814 461 184 44 lointaine
956 461 85 44 me
984 461 85 44 tue,

89 492 152 37 dit-il,
200 492 152 37 n’ayant
310 492 83 37 ni
352 492 124 37 votre
435 492 207 37 prévoyance,
600 492 83 37 ni
642 492 124 37 votre
725 492 180 37 certitude
863 492 180 37 d’arriver
987 492 83 37 tou-

92 524 164 36 jours...»
218 524 113 36 (Voy.
294 524 101 36 pour
357 524 113 36 cette
432 524 151 36 curieuse
546 524 113 36 pièce
621 524 76 36 le
659 524 76 36 n°
697 524 88 36 102
747 524 76 36 de
785 524 201 36 l'Amateur
936 524 126 36 d’au

85 558 172 42 tographes)

93 579 116 59 22198
170 579 77 59 LE
209 579 116 59 MÊME.
286 579 154 59 Fragment
402 579 154 59 autogr.,
518 579 64 59 1
543 579 77 59 p.
582 579 90 59 pl.
634 579 116 59 in-8,
711 579 116 59 d’une
788 579 154 59 écriture
904 579 103 59 fine
968 579 77 59 et
994 579 77 59 ser-

99 627 55 46 rée.
134 627 41 46 10
147 627 21 46 »

115 647 128 66 Dans
195 647 96 66 ce
243 647 192 66 fragment
387 647 160 66 Gérard
499 647 96 66 de
547 647 160 66 Nerval
659 647 144 66 donne
755 647 96 66 le
803 647 176 66 canevas
931 647 112 66 des
979 647 96 66 deux

92 691 149 51 derniers
203 691 111 51 actes
277 691 111 51 d’une
352 691 136 51 comédie
451 691 87 51 qui
500 691 124 51 devait
587 691 198 51 s’intituler:
748 691 111 51 le
822 691 248 51 Magnétiseur
1020 691 50 51 On

85 731 69 44 y
113 731 138 44 trouve
209 731 96 44 des
264 731 138 44 scènes
360 731 193 44 originales
512 731 83 44 et
553 731 83 44 de
594 731 151 44 curieux
704 731 165 44 détails.
828 731 138 44 «Voilà
925 731 124 44 donc,
993 731 83 44 dit-

90 773 93 39 il,
143 773 93 39 nos
196 773 119 39 trois
275 773 119 39 actes
355 773 106 39 bien
421 773 159 39 complets
540 773 79 39 et
580 773 106 39 bien
646 773 185 39 réguliers.
792 773 106 39 S’il
858 773 93 39 n’y
911 773 66 39 a
938 773 93 39 pas
991 773 79 39 là
1017 773 53 39 de

99 804 104 39 quoi
164 804 195 39 émerveiller
320 804 91 39 les
372 804 117 39 gens,
450 804 78 39 je
489 804 78 39 ne
528 804 104 39 sais
593 804 91 39 pas
645 804 78 39 ce
684 804 117 39 qu’il
762 804 130 39 faudra
853 804 104 39 leur
905 804 169 39 trouver...»

103 834 104 47 22199
173 834 139 47 GIRARDIN
277 834 116 47 (Émile
358 834 93 47 de),
416 834 127 47 célèbre
509 834 162 47 publiciste
637 834 70 47 et
671 834 127 47 député.
764 834 104 47 L.
834 834 116 47 a
915 834 70 47 s.
950 834 58 47 à
973 834 81 47 Mme
1007 834 70 47 Des-

90 870 130 55 bordes
181 870 156 55 Valmore;
299 870 78 55 10
338 870 117 55 avril
416 870 117 55 1829,
494 870 65 55 1
520 870 78 55 p.
559 870 91 55 1/2
612 870 117 55 in-8.
690 870 65 55 3
703 870 52 55 50

128 890 184 56 Charmante
270 890 142 56 épître
369 890 85 56 où
411 890 85 56 il
454 890 99 56 lui
511 890 156 56 demande
624 890 99 56 son
681 890 170 56 concours
809 890 113 56 pour
879 890 85 56 le
922 890 156 56 journal
1021 890 57 56 la

93 942 175 53 Mode
234 942 105 53 qu’il
304 942 70 53 va
339 942 129 53 fonder.
433 942 82 53 «Le
479 942 82 53 nom
526 942 70 53 de
561 942 222 53 Corinne
748 942 129 53 dit-il,
842 942 58 53 a
865 942 117 53 besoin
947 942 70 53 de
971 942 105 53 l’appui

93 970 92 56 de
139 970 137 56 votre
215 970 137 56 nom...»

98 1000 90 55 GOZZI
158 1000 130 55 (Gaspard,
258 1000 110 55 comte),
338 1000 90 55 poëte
398 1000 60 55 et
428 1000 120 55 critique
517 1000 120 55 italien.
607 1000 90 55 L.
667 1000 60 55 a.
697 1000 110 55 s.
767 1000 90 55 Venise,

91 1046 68 46 25
125 1046 91 46 mars
182 1046 103 46 1761,
250 1046 57 46 2
273 1046 68 46 p.
307 1046 103 46 in-4.
376 1046 148 46 Charmante
490 1046 126 46 épître.
581 1046 114 46 Légère
661 1046 148 46 déchirure
764 1046 80 46 n’at-

96 1076 130 54 teignant
194 1076 76 54 pas
237 1076 65 54 le
269 1076 108 54 texte.
345 1076 54 54 6
356 1076 43 54 50

103 1103 111 57 22201
177 1103 148 57 GRÉGOIRE
287 1103 98 57 XVI,
349 1103 111 57 pape.
423 1103 111 57 L.
497 1103 123 57 s.
583 1103 74 57 au
620 1103 148 57 cardinal
730 1103 209 57 Lambruschini;
903 1103 111 57 Rome,
977 1103 62 57 8
989 1103 86 57 févr.

103 1149 98 54 1839
164 1149 62 54 7
189 1149 74 54 p.
226 1149 111 54 in-4.
300 1149 172 54 Traduction
435 1149 172 54 française.
570 1149 74 54 15
595 1149 37 54 »

125 1169 169 68 Document
251 1169 197 68 historique
406 1169 112 68 fort
476 1169 155 68 curieux
589 1169 98 68 sur
645 1169 169 68 diverses
772 1169 197 68 propriétés
912 1169 155 68 foncières

91 1211 127 53 sises
175 1211 70 53 à
204 1211 183 53 Galliera,
344 1211 113 53 dans
415 1211 99 53 les
471 1211 127 53 États
555 1211 84 53 du
598 1211 225 53 Saint-Siège,
780 1211 84 53 et
823 1211 99 53 qui
865 1211 211 53 appartiennent

83 1257 75 40 à
113 1257 151 40 Oscar,
218 1257 151 40 prince
324 1257 136 40 royal
414 1257 90 40 de
459 1257 136 40 Suède
550 1257 90 40 et
595 1257 75 40 à
625 1257 105 40 son
685 1257 151 40 épouse
791 1257 90 40 la
836 1257 196 40 princesse
972 1257 105 40 José-

96 1290 334 47 phine-Maximilienne,
387 1290 131 47 fille
474 1290 174 47 d’Eugène
605 1290 232 47 Beauharnais.
793 1290 87 47 Le
837 1290 203 47 Saint-Père
982 1290 87 47 leur

84 1325 96 39 en
132 1325 192 39 garantit
276 1325 96 39 la
324 1325 224 39 possession
500 1325 208 39 moyennant
661 1325 112 39 une
725 1325 208 39 redevance
885 1325 192 39 annuelle
1013 1325 64 39 de

92 1348 95 61 300
147 1348 122 61 écus.
228 1348 217 61 Intéressants
391 1348 135 61 détails.

86 1374 120 60 22202
166 1374 120 60 GRIMM
246 1374 93 60 (le
299 1374 120 60 baron
379 1374 107 60 de),
446 1374 147 60 célèbre
553 1374 160 60 critique
673 1374 80 60 et
713 1374 187 60 philosophe
860 1374 80 60 du
887 1374 187 60 dix

95 1430 132 44 siècle.
191 1430 108 44 L.
263 1430 72 44 a.
300 1430 132 44 s.
396 1430 120 44 Paris,
480 1430 72 44 14
516 1430 96 44 juin
576 1430 108 44 1780,
649 1430 60 44 2
673 1430 72 44 p.
709 1430 84 44 1/2
757 1430 108 44 in-4.
829 1430 169 44 Très-belle
962 1430 72 44 et
986 1430 84 44 inté-

92 1459 126 49 ressante
186 1459 116 49 lettre.
270 1459 53 49 8
281 1459 32 49 »

88 1478 109 74 22203
161 1478 133 74 GROUCHY
257 1478 133 74 (Emm.),
354 1478 145 74 maréchal
463 1478 73 74 de
500 1478 133 74 France.
597 1478 109 74 L.
669 1478 73 74 a.
706 1478 133 74 s.
803 1478 109 74 1841,
875 1478 85 74 3/4
924 1478 73 74 de
960 1478 73 74 p.
984 1478 85 74 in

980 1529 94 51 2
999 1529 75 51 75

98 1548 117 63 22204
176 1548 156 63 GUÉRICKE
292 1548 117 63 (Otto
370 1548 104 63 de),
435 1548 156 63 illustre
552 1548 168 63 physicien
681 1548 168 63 allemand,
811 1548 168 63 inventeur
940 1548 78 63 de
979 1548 78 63 la
1005 1548 65 63 ma-

85 1608 116 49 chine
163 1608 207 49 pneumatique.
330 1608 116 49 L.
408 1608 77 49 a.
446 1608 142 49 s.
550 1608 77 49 27
588 1608 103 49 août
653 1608 116 49 1648,
730 1608 65 49 1
756 1608 77 49 p.
795 1608 155 49 in-fol.,
911 1608 142 49 cachet.
1001 1608 65 49 Lé-

88 1636 98 49 gers
149 1636 221 49 raccommodages.
333 1636 197 49 Rare
493 1636 61 49 »
518 1636 74 49 28
542 1636 37 49 »

91 1673 125 47 22205
174 1673 180 47 GUILLAUME
313 1673 111 47 III,
382 1673 153 47 d’abord
493 1673 194 47 stathouder
646 1673 83 47 de
688 1673 180 47 Hollande,
826 1673 111 47 puis
896 1673 97 47 roi
937 1673 139 47 d’Angle-

95 1708 128 42 terre.
185 1708 115 42 L.
262 1708 141 42 s.
365 1708 115 42 comme
441 1708 128 42 prince
531 1708 167 42 d’Orange;
660 1708 64 42 2
685 1708 103 42 août
749 1708 115 42 1673,
826 1708 64 42 1
852 1708 77 42 p.
890 1708 141 42 in-fol.
980 1708 90 42 Très-

101 1744 78 48 belle
153 1744 86 48 pièce.
214 1744 52 48 10
231 1744 26 48 »

92 1771 115 49 22206
169 1771 166 49 GUILLAUME
297 1771 89 49 IV,
348 1771 89 49 roi
399 1771 217 49 d’Angleterre.
578 1771 115 49 L.
654 1771 77 49 a.
693 1771 141 49 s.
795 1771 115 49 comme
872 1771 141 49 prince;
974 1771 77 49 (2
999 1771 77 49 nov.

94 1811 119 45 1816),
178 1811 60 45 1
202 1811 72 45 p.
237 1811 107 45 in-4.
309 1811 107 45 Jolie
381 1811 119 45 pièce.
464 1811 60 45 7
476 1811 36 45 »

102 1825 106 75 22207
173 1825 129 75 GUSTAVE
267 1825 94 75 III,
325 1825 82 75 roi
372 1825 70 75 de
408 1825 117 75 Suède,
490 1825 153 75 assassiné
607 1825 82 75 par
654 1825 176 75 Ankarstrœm.
795 1825 106 75 L.
866 1825 141 75 s.;
971 1825 70 75 18
995 1825 82 75 avril

98 1880 111 47 1791,
172 1880 62 47 1
196 1880 74 47 p.
234 1880 86 47 1/2
283 1880 148 47 in-fol.,
394 1880 136 47 cachet.
493 1880 111 47 Jolie
567 1880 124 47 pièce.
654 1880 62 47 6
666 1880 37 47 »

93 1897 107 73 22208
165 1897 95 73 HAUY
224 1897 191 73 (René-Just),
379 1897 131 73 célèbre
474 1897 214 73 minéralogiste,
653 1897 119 73 membre
736 1897 71 73 de
772 1897 179 73 l’Institut.
915 1897 107 73 L.
975 1897 95 73 a

89 1955 143 42 s.
199 1955 55 42 6
221 1955 132 42 juillet,
320 1955 55 42 1
342 1955 66 42 p.
375 1955 77 42 3/4
419 1955 99 42 in-4.
484 1955 99 42 Belle
550 1955 66 42 et
583 1955 176 42 intéressante
726 1955 121 42 lettre.
814 1955 55 42 3
825 1955 33 42 »

89 1986 123 48 22209
172 1986 137 48 HÉBERT
268 1986 96 48 (J.
322 1986 137 48 René),
419 1986 137 48 fameux
515 1986 206 48 journaliste
679 1986 274 48 révolutionnaire,
912 1986 165 48 surnommé
1022 1986 55 48 le

100 2021 131 52 Père
195 2021 203 52 Duchesne
362 2021 143 52 décapité
469 2021 71 52 en
505 2021 107 52 1794.
577 2021 107 52 L.
648 2021 71 52 s.
684 2021 131 52 Hébert,
779 2021 203 52 substitut
946 2021 83 52 (du
982 2021 95 52 procu-

84 2058 118 47 reur
158 2058 89 47 de
203 2058 89 47 la
247 2058 192 47 commune);
395 2058 148 47 Paris,
498 2058 89 47 11
543 2058 118 47 déc.
617 2058 133 47 1792,
705 2058 104 47 3/4
764 2058 89 47 de
809 2058 89 47 p.
853 2058 133 47 in-4,
942 2058 133 47 vign.
1016 2058 59 47 et

79 2100 183 55 tête
193 2100 206 55 impr.
331 2100 411 55 Rare12
650 2100 69 55 »
