<?xml version="1.0" encoding="UTF-8"?>
<alto xmlns:xsi="http://www.w3.org/2001/XMLSchema-instance"
      xmlns="http://www.loc.gov/standards/alto/ns-v2#"
      xmlns:page="http://schema.primaresearch.org/PAGE/gts/pagecontent/2013-07-15"
      xsi:schemaLocation="http://www.loc.gov/standards/alto/ns-v2# http://www.loc.gov/standards/alto/alto.xsd">
   <Description>
      <MeasurementUnit>pixel</MeasurementUnit>
      <OCRProcessing ID="IdOcr">
         <ocrProcessingStep>
            <processingDateTime>2020-10-13T13:53:33.87+02:00</processingDateTime>
            <processingSoftware>
               <softwareCreator>READ COOP</softwareCreator>
               <softwareName>Transkribus</softwareName>
            </processingSoftware>
         </ocrProcessingStep>
      </OCRProcessing>
   </Description>
   <Tags/>
   <Layout>
      <Page ID="Page1" PHYSICAL_IMG_NR="1" HEIGHT="2991" WIDTH="1518">
         <TopMargin HEIGHT="0" WIDTH="1518" VPOS="0" HPOS="0"/>
         <LeftMargin HEIGHT="2991" WIDTH="0" VPOS="0" HPOS="0"/>
         <RightMargin HEIGHT="2991" WIDTH="0" VPOS="0" HPOS="1518"/>
         <BottomMargin HEIGHT="0" WIDTH="1518" VPOS="2991" HPOS="0"/>
         <PrintSpace HEIGHT="2991" WIDTH="1518" VPOS="0" HPOS="0">
            <TextBlock ID="r1" HEIGHT="2726" WIDTH="1405" VPOS="123" HPOS="40">
               <Shape>
                  <Polygon POINTS="40,123 40,2849 1445,2849 1445,123"/>
               </Shape>
               <TextLine ID="r1l1"
                         BASELINE="162"
                         HEIGHT="82"
                         WIDTH="284"
                         VPOS="80"
                         HPOS="607">
                  <String HEIGHT="82" WIDTH="213" VPOS="80" HPOS="572" CONTENT="EN"/>
                  <SP HEIGHT="82" WIDTH="36" VPOS="80" HPOS="785"/>
                  <String HEIGHT="82"
                          WIDTH="249"
                          VPOS="80"
                          HPOS="643"
                          CONTENT="VENTE"/>
               </TextLine>
               <TextLine ID="r1l2"
                         BASELINE="239"
                         HEIGHT="81"
                         WIDTH="973"
                         VPOS="158"
                         HPOS="257">
                  <String HEIGHT="81" WIDTH="162" VPOS="158" HPOS="225" CONTENT="A"/>
                  <SP HEIGHT="81" WIDTH="32" VPOS="158" HPOS="387"/>
                  <String HEIGHT="81" WIDTH="195" VPOS="158" HPOS="289" CONTENT="LA"/>
                  <SP HEIGHT="81" WIDTH="32" VPOS="158" HPOS="484"/>
                  <String HEIGHT="81"
                          WIDTH="422"
                          VPOS="158"
                          HPOS="387"
                          CONTENT="LIBRAIRIE"/>
                  <SP HEIGHT="81" WIDTH="32" VPOS="158" HPOS="808"/>
                  <String HEIGHT="81" WIDTH="195" VPOS="158" HPOS="711" CONTENT="DE"/>
                  <SP HEIGHT="81" WIDTH="32" VPOS="158" HPOS="906"/>
                  <String HEIGHT="81" WIDTH="195" VPOS="158" HPOS="808" CONTENT="J."/>
                  <SP HEIGHT="81" WIDTH="32" VPOS="158" HPOS="1003"/>
                  <String HEIGHT="81"
                          WIDTH="357"
                          VPOS="158"
                          HPOS="873"
                          CONTENT="TECHENER,"/>
               </TextLine>
               <TextLine ID="r1l3"
                         BASELINE="276"
                         HEIGHT="64"
                         WIDTH="493"
                         VPOS="212"
                         HPOS="499">
                  <String HEIGHT="64" WIDTH="157" VPOS="212" HPOS="477" CONTENT="RUE"/>
                  <SP HEIGHT="64" WIDTH="22" VPOS="212" HPOS="633"/>
                  <String HEIGHT="64" WIDTH="134" VPOS="212" HPOS="566" CONTENT="DE"/>
                  <SP HEIGHT="64" WIDTH="22" VPOS="212" HPOS="701"/>
                  <String HEIGHT="64"
                          WIDTH="336"
                          VPOS="212"
                          HPOS="633"
                          CONTENT="LARBRE-SEC,"/>
                  <SP HEIGHT="64" WIDTH="22" VPOS="212" HPOS="970"/>
                  <String HEIGHT="64" WIDTH="112" VPOS="212" HPOS="880" CONTENT="52."/>
               </TextLine>
               <TextLine ID="r1l4"
                         BASELINE="408"
                         HEIGHT="89"
                         WIDTH="635"
                         VPOS="319"
                         HPOS="429">
                  <String HEIGHT="89"
                          WIDTH="726"
                          VPOS="319"
                          HPOS="338"
                          CONTENT="CORRESPONDANCE"/>
               </TextLine>
               <TextLine ID="r1l5"
                         BASELINE="468"
                         HEIGHT="70"
                         WIDTH="124"
                         VPOS="398"
                         HPOS="686">
                  <String HEIGHT="70"
                          WIDTH="174"
                          VPOS="398"
                          HPOS="636"
                          CONTENT="ENTRE"/>
               </TextLine>
               <TextLine ID="r1l6"
                         BASELINE="583"
                         HEIGHT="61"
                         WIDTH="1337"
                         VPOS="522"
                         HPOS="84">
                  <String HEIGHT="61"
                          WIDTH="1471"
                          VPOS="522"
                          HPOS="-50"
                          CONTENT="&lt;b&gt;DUTHHAUOHETRAHAUA"/>
               </TextLine>
               <TextLine ID="r1l7"
                         BASELINE="644"
                         HEIGHT="67"
                         WIDTH="51"
                         VPOS="577"
                         HPOS="717">
                  <String HEIGHT="67" WIDTH="102" VPOS="577" HPOS="666" CONTENT="ET"/>
               </TextLine>
               <TextLine ID="r1l8"
                         BASELINE="741"
                         HEIGHT="125"
                         WIDTH="509"
                         VPOS="616"
                         HPOS="493">
                  <String HEIGHT="125"
                          WIDTH="611"
                          VPOS="616"
                          HPOS="391"
                          CONTENT="BROSSETTE,"/>
               </TextLine>
               <TextLine ID="r1l9"
                         BASELINE="800"
                         HEIGHT="80"
                         WIDTH="582"
                         VPOS="720"
                         HPOS="457">
                  <String HEIGHT="80"
                          WIDTH="208"
                          VPOS="720"
                          HPOS="436"
                          CONTENT="Avocat"/>
                  <SP HEIGHT="80" WIDTH="21" VPOS="720" HPOS="644"/>
                  <String HEIGHT="80" WIDTH="125" VPOS="720" HPOS="582" CONTENT="au"/>
                  <SP HEIGHT="80" WIDTH="21" VPOS="720" HPOS="706"/>
                  <String HEIGHT="80"
                          WIDTH="270"
                          VPOS="720"
                          HPOS="644"
                          CONTENT="Parlement"/>
                  <SP HEIGHT="80" WIDTH="21" VPOS="720" HPOS="914"/>
                  <String HEIGHT="80" WIDTH="125" VPOS="720" HPOS="852" CONTENT="de"/>
                  <SP HEIGHT="80" WIDTH="21" VPOS="720" HPOS="977"/>
                  <String HEIGHT="80"
                          WIDTH="146"
                          VPOS="720"
                          HPOS="894"
                          CONTENT="Lyon."/>
               </TextLine>
               <TextLine ID="r1l10"
                         BASELINE="862"
                         HEIGHT="100"
                         WIDTH="815"
                         VPOS="762"
                         HPOS="343">
                  <String HEIGHT="100"
                          WIDTH="249"
                          VPOS="762"
                          HPOS="320"
                          CONTENT="PUBLIÉE"/>
                  <SP HEIGHT="100" WIDTH="23" VPOS="762" HPOS="569"/>
                  <String HEIGHT="100"
                          WIDTH="158"
                          VPOS="762"
                          HPOS="501"
                          CONTENT="SUR"/>
                  <SP HEIGHT="100" WIDTH="23" VPOS="762" HPOS="660"/>
                  <String HEIGHT="100"
                          WIDTH="158"
                          VPOS="762"
                          HPOS="592"
                          CONTENT="LES"/>
                  <SP HEIGHT="100" WIDTH="23" VPOS="762" HPOS="751"/>
                  <String HEIGHT="100"
                          WIDTH="317"
                          VPOS="762"
                          HPOS="683"
                          CONTENT="MANUSCRITS"/>
                  <SP HEIGHT="100" WIDTH="23" VPOS="762" HPOS="1000"/>
                  <String HEIGHT="100"
                          WIDTH="249"
                          VPOS="762"
                          HPOS="909"
                          CONTENT="ORIGINAUX"/>
               </TextLine>
               <TextLine ID="r1l11"
                         BASELINE="920"
                         HEIGHT="82"
                         WIDTH="553"
                         VPOS="838"
                         HPOS="468">
                  <String HEIGHT="82" WIDTH="184" VPOS="838" HPOS="442" CONTENT="PAR"/>
                  <SP HEIGHT="82" WIDTH="26" VPOS="838" HPOS="626"/>
                  <String HEIGHT="82"
                          WIDTH="290"
                          VPOS="838"
                          HPOS="547"
                          CONTENT="AUGUSTE"/>
                  <SP HEIGHT="82" WIDTH="26" VPOS="838" HPOS="837"/>
                  <String HEIGHT="82"
                          WIDTH="290"
                          VPOS="838"
                          HPOS="731"
                          CONTENT="LAVERDET,"/>
               </TextLine>
               <TextLine ID="r1l12"
                         BASELINE="982"
                         HEIGHT="78"
                         WIDTH="1019"
                         VPOS="904"
                         HPOS="238">
                  <String HEIGHT="78"
                          WIDTH="525"
                          VPOS="904"
                          HPOS="207"
                          CONTENT="bINTRODUCTION"/>
                  <SP HEIGHT="78" WIDTH="31" VPOS="904" HPOS="732"/>
                  <String HEIGHT="78" WIDTH="216" VPOS="904" HPOS="639" CONTENT="PAR"/>
                  <SP HEIGHT="78" WIDTH="31" VPOS="904" HPOS="856"/>
                  <String HEIGHT="78" WIDTH="185" VPOS="904" HPOS="763" CONTENT="M."/>
                  <SP HEIGHT="78" WIDTH="31" VPOS="904" HPOS="948"/>
                  <String HEIGHT="78"
                          WIDTH="278"
                          VPOS="904"
                          HPOS="856"
                          CONTENT="JULES"/>
                  <SP HEIGHT="78" WIDTH="31" VPOS="904" HPOS="1133"/>
                  <String HEIGHT="78"
                          WIDTH="247"
                          VPOS="904"
                          HPOS="1010"
                          CONTENT="JANIN."/>
               </TextLine>
               <TextLine ID="r1l13"
                         BASELINE="1055"
                         HEIGHT="86"
                         WIDTH="828"
                         VPOS="969"
                         HPOS="328">
                  <String HEIGHT="86"
                          WIDTH="239"
                          VPOS="969"
                          HPOS="312"
                          CONTENT="&lt;i&gt;Première"/>
                  <SP HEIGHT="86" WIDTH="16" VPOS="969" HPOS="551"/>
                  <String HEIGHT="86"
                          WIDTH="175"
                          VPOS="969"
                          HPOS="503"
                          CONTENT="édition"/>
                  <SP HEIGHT="86" WIDTH="16" VPOS="969" HPOS="678"/>
                  <String HEIGHT="86"
                          WIDTH="207"
                          VPOS="969"
                          HPOS="631"
                          CONTENT="complète,"/>
                  <SP HEIGHT="86" WIDTH="16" VPOS="969" HPOS="838"/>
                  <String HEIGHT="86" WIDTH="96" VPOS="969" HPOS="790" CONTENT="en"/>
                  <SP HEIGHT="86" WIDTH="16" VPOS="969" HPOS="885"/>
                  <String HEIGHT="86"
                          WIDTH="159"
                          VPOS="969"
                          HPOS="838"
                          CONTENT="partie"/>
                  <SP HEIGHT="86" WIDTH="16" VPOS="969" HPOS="997"/>
                  <String HEIGHT="86"
                          WIDTH="223"
                          VPOS="969"
                          HPOS="933"
                          CONTENT="inédite&lt;/i&gt;."/>
               </TextLine>
               <TextLine ID="r1l14"
                         BASELINE="1108"
                         HEIGHT="91"
                         WIDTH="1386"
                         VPOS="1017"
                         HPOS="56">
                  <String HEIGHT="91" WIDTH="104" VPOS="1017" HPOS="39" CONTENT="Un"/>
                  <SP HEIGHT="91" WIDTH="17" VPOS="1017" HPOS="143"/>
                  <String HEIGHT="91"
                          WIDTH="173"
                          VPOS="1017"
                          HPOS="91"
                          CONTENT="volume"/>
                  <SP HEIGHT="91" WIDTH="17" VPOS="1017" HPOS="264"/>
                  <String HEIGHT="91"
                          WIDTH="139"
                          VPOS="1017"
                          HPOS="212"
                          CONTENT="in-8"/>
                  <SP HEIGHT="91" WIDTH="17" VPOS="1017" HPOS="351"/>
                  <String HEIGHT="91" WIDTH="104" VPOS="1017" HPOS="299" CONTENT="de"/>
                  <SP HEIGHT="91" WIDTH="17" VPOS="1017" HPOS="402"/>
                  <String HEIGHT="91"
                          WIDTH="156"
                          VPOS="1017"
                          HPOS="351"
                          CONTENT="XXXII"/>
                  <SP HEIGHT="91" WIDTH="17" VPOS="1017" HPOS="506"/>
                  <String HEIGHT="91" WIDTH="87" VPOS="1017" HPOS="454" CONTENT="—"/>
                  <SP HEIGHT="91" WIDTH="17" VPOS="1017" HPOS="541"/>
                  <String HEIGHT="91"
                          WIDTH="121"
                          VPOS="1017"
                          HPOS="489"
                          CONTENT="608"/>
                  <SP HEIGHT="91" WIDTH="17" VPOS="1017" HPOS="610"/>
                  <String HEIGHT="91"
                          WIDTH="173"
                          VPOS="1017"
                          HPOS="558"
                          CONTENT="pages,"/>
                  <SP HEIGHT="91" WIDTH="17" VPOS="1017" HPOS="732"/>
                  <String HEIGHT="91"
                          WIDTH="139"
                          VPOS="1017"
                          HPOS="680"
                          CONTENT="avec"/>
                  <SP HEIGHT="91" WIDTH="17" VPOS="1017" HPOS="818"/>
                  <String HEIGHT="91"
                          WIDTH="121"
                          VPOS="1017"
                          HPOS="766"
                          CONTENT="six"/>
                  <SP HEIGHT="91" WIDTH="17" VPOS="1017" HPOS="888"/>
                  <String HEIGHT="91"
                          WIDTH="260"
                          VPOS="1017"
                          HPOS="836"
                          CONTENT="fac-simile,"/>
                  <SP HEIGHT="91" WIDTH="17" VPOS="1017" HPOS="1096"/>
                  <String HEIGHT="91"
                          WIDTH="104"
                          VPOS="1017"
                          HPOS="1044"
                          CONTENT="et"/>
                  <SP HEIGHT="91" WIDTH="17" VPOS="1017" HPOS="1147"/>
                  <String HEIGHT="91"
                          WIDTH="104"
                          VPOS="1017"
                          HPOS="1096"
                          CONTENT="la"/>
                  <SP HEIGHT="91" WIDTH="17" VPOS="1017" HPOS="1199"/>
                  <String HEIGHT="91"
                          WIDTH="243"
                          VPOS="1017"
                          HPOS="1147"
                          CONTENT="généalogie"/>
                  <SP HEIGHT="91" WIDTH="17" VPOS="1017" HPOS="1390"/>
                  <String HEIGHT="91"
                          WIDTH="104"
                          VPOS="1017"
                          HPOS="1338"
                          CONTENT="de"/>
                  <SP HEIGHT="91" WIDTH="17" VPOS="1017" HPOS="1442"/>
                  <String HEIGHT="91" WIDTH="69" VPOS="1017" HPOS="1373" CONTENT="la"/>
               </TextLine>
               <TextLine ID="r1l15"
                         BASELINE="1150"
                         HEIGHT="72"
                         WIDTH="512"
                         VPOS="1078"
                         HPOS="496">
                  <String HEIGHT="72"
                          WIDTH="194"
                          VPOS="1078"
                          HPOS="478"
                          CONTENT="famille"/>
                  <SP HEIGHT="72" WIDTH="18" VPOS="1078" HPOS="673"/>
                  <String HEIGHT="72" WIDTH="106" VPOS="1078" HPOS="620" CONTENT="de"/>
                  <SP HEIGHT="72" WIDTH="18" VPOS="1078" HPOS="726"/>
                  <String HEIGHT="72"
                          WIDTH="194"
                          VPOS="1078"
                          HPOS="673"
                          CONTENT="Boileau"/>
                  <SP HEIGHT="72" WIDTH="18" VPOS="1078" HPOS="867"/>
                  <String HEIGHT="72"
                          WIDTH="212"
                          VPOS="1078"
                          HPOS="796"
                          CONTENT="Despréaux."/>
               </TextLine>
               <TextLine ID="r1l16"
                         BASELINE="1186"
                         HEIGHT="59"
                         WIDTH="258"
                         VPOS="1127"
                         HPOS="588">
                  <String HEIGHT="59" WIDTH="161" VPOS="1127" HPOS="556" CONTENT="—"/>
                  <SP HEIGHT="59" WIDTH="32" VPOS="1127" HPOS="717"/>
                  <String HEIGHT="59" WIDTH="161" VPOS="1127" HPOS="620" CONTENT="E"/>
                  <SP HEIGHT="59" WIDTH="32" VPOS="1127" HPOS="782"/>
                  <String HEIGHT="59"
                          WIDTH="194"
                          VPOS="1127"
                          HPOS="653"
                          CONTENT="C5OG"/>
               </TextLine>
               <TextLine ID="r1l17"
                         BASELINE="1242"
                         HEIGHT="86"
                         WIDTH="919"
                         VPOS="1156"
                         HPOS="287">
                  <String HEIGHT="86"
                          WIDTH="334"
                          VPOS="1156"
                          HPOS="259"
                          CONTENT="SOMMAIRE"/>
                  <SP HEIGHT="86" WIDTH="28" VPOS="1156" HPOS="593"/>
                  <String HEIGHT="86" WIDTH="167" VPOS="1156" HPOS="510" CONTENT="DU"/>
                  <SP HEIGHT="86" WIDTH="28" VPOS="1156" HPOS="677"/>
                  <String HEIGHT="86"
                          WIDTH="306"
                          VPOS="1156"
                          HPOS="593"
                          CONTENT="CONTENU"/>
                  <SP HEIGHT="86" WIDTH="28" VPOS="1156" HPOS="900"/>
                  <String HEIGHT="86" WIDTH="167" VPOS="1156" HPOS="816" CONTENT="DE"/>
                  <SP HEIGHT="86" WIDTH="28" VPOS="1156" HPOS="983"/>
                  <String HEIGHT="86" WIDTH="167" VPOS="1156" HPOS="900" CONTENT="CE"/>
                  <SP HEIGHT="86" WIDTH="28" VPOS="1156" HPOS="1067"/>
                  <String HEIGHT="86"
                          WIDTH="251"
                          VPOS="1156"
                          HPOS="955"
                          CONTENT="VOLUME:"/>
               </TextLine>
               <TextLine ID="r1l18"
                         BASELINE="1300"
                         HEIGHT="63"
                         WIDTH="831"
                         VPOS="1237"
                         HPOS="335">
                  <String HEIGHT="63"
                          WIDTH="271"
                          VPOS="1237"
                          HPOS="317"
                          CONTENT="(COMPLÉMENT"/>
                  <SP HEIGHT="63" WIDTH="18" VPOS="1237" HPOS="588"/>
                  <String HEIGHT="63"
                          WIDTH="126"
                          VPOS="1237"
                          HPOS="534"
                          CONTENT="DES"/>
                  <SP HEIGHT="63" WIDTH="18" VPOS="1237" HPOS="660"/>
                  <String HEIGHT="63"
                          WIDTH="199"
                          VPOS="1237"
                          HPOS="606"
                          CONTENT="OEUVRES"/>
                  <SP HEIGHT="63" WIDTH="18" VPOS="1237" HPOS="805"/>
                  <String HEIGHT="63" WIDTH="108" VPOS="1237" HPOS="751" CONTENT="DE"/>
                  <SP HEIGHT="63" WIDTH="18" VPOS="1237" HPOS="859"/>
                  <String HEIGHT="63"
                          WIDTH="199"
                          VPOS="1237"
                          HPOS="805"
                          CONTENT="BOILEAU"/>
                  <SP HEIGHT="63" WIDTH="18" VPOS="1237" HPOS="1003"/>
                  <String HEIGHT="63"
                          WIDTH="235"
                          VPOS="1237"
                          HPOS="931"
                          CONTENT="RESPRÉAUX.)"/>
               </TextLine>
               <TextLine ID="r1l19"
                         BASELINE="1345"
                         HEIGHT="60"
                         WIDTH="1412"
                         VPOS="1285"
                         HPOS="33">
                  <String HEIGHT="60"
                          WIDTH="242"
                          VPOS="1285"
                          HPOS="13"
                          CONTENT="PREMIÈRE"/>
                  <SP HEIGHT="60" WIDTH="20" VPOS="1285" HPOS="255"/>
                  <String HEIGHT="60"
                          WIDTH="202"
                          VPOS="1285"
                          HPOS="194"
                          CONTENT="PARTIE"/>
                  <SP HEIGHT="60" WIDTH="20" VPOS="1285" HPOS="396"/>
                  <String HEIGHT="60"
                          WIDTH="242"
                          VPOS="1285"
                          HPOS="336"
                          CONTENT="(Premier"/>
                  <SP HEIGHT="60" WIDTH="20" VPOS="1285" HPOS="578"/>
                  <String HEIGHT="60"
                          WIDTH="222"
                          VPOS="1285"
                          HPOS="517"
                          CONTENT="voluine"/>
                  <SP HEIGHT="60" WIDTH="20" VPOS="1285" HPOS="739"/>
                  <String HEIGHT="60" WIDTH="121" VPOS="1285" HPOS="678" CONTENT="du"/>
                  <SP HEIGHT="60" WIDTH="20" VPOS="1285" HPOS="800"/>
                  <String HEIGHT="60"
                          WIDTH="303"
                          VPOS="1285"
                          HPOS="739"
                          CONTENT="manuscrit)."/>
                  <SP HEIGHT="60" WIDTH="20" VPOS="1285" HPOS="1042"/>
                  <String HEIGHT="60" WIDTH="101" VPOS="1285" HPOS="981" CONTENT="—"/>
                  <SP HEIGHT="60" WIDTH="20" VPOS="1285" HPOS="1082"/>
                  <String HEIGHT="60"
                          WIDTH="363"
                          VPOS="1285"
                          HPOS="1021"
                          CONTENT="Correspondance"/>
                  <SP HEIGHT="60" WIDTH="20" VPOS="1285" HPOS="1384"/>
                  <String HEIGHT="60"
                          WIDTH="141"
                          VPOS="1285"
                          HPOS="1304"
                          CONTENT="entre"/>
               </TextLine>
               <TextLine ID="r1l20"
                         BASELINE="1386"
                         HEIGHT="49"
                         WIDTH="1372"
                         VPOS="1337"
                         HPOS="73">
                  <String HEIGHT="49"
                          WIDTH="213"
                          VPOS="1337"
                          HPOS="54"
                          CONTENT="Boileau"/>
                  <SP HEIGHT="49" WIDTH="19" VPOS="1337" HPOS="266"/>
                  <String HEIGHT="49"
                          WIDTH="251"
                          VPOS="1337"
                          HPOS="208"
                          CONTENT="Despréaux"/>
                  <SP HEIGHT="49" WIDTH="19" VPOS="1337" HPOS="459"/>
                  <String HEIGHT="49" WIDTH="116" VPOS="1337" HPOS="402" CONTENT="et"/>
                  <SP HEIGHT="49" WIDTH="19" VPOS="1337" HPOS="517"/>
                  <String HEIGHT="49"
                          WIDTH="251"
                          VPOS="1337"
                          HPOS="459"
                          CONTENT="Brossette"/>
                  <SP HEIGHT="49" WIDTH="19" VPOS="1337" HPOS="711"/>
                  <String HEIGHT="49"
                          WIDTH="271"
                          VPOS="1337"
                          HPOS="653"
                          CONTENT="(contenant"/>
                  <SP HEIGHT="49" WIDTH="19" VPOS="1337" HPOS="923"/>
                  <String HEIGHT="49"
                          WIDTH="367"
                          VPOS="1337"
                          HPOS="865"
                          CONTENT="soixante-quinze"/>
                  <SP HEIGHT="49" WIDTH="19" VPOS="1337" HPOS="1232"/>
                  <String HEIGHT="49"
                          WIDTH="213"
                          VPOS="1337"
                          HPOS="1174"
                          CONTENT="lettres"/>
                  <SP HEIGHT="49" WIDTH="19" VPOS="1337" HPOS="1387"/>
                  <String HEIGHT="49"
                          WIDTH="135"
                          VPOS="1337"
                          HPOS="1310"
                          CONTENT="auto"
                          SUBS_TYPE="HypPart1"
                          SUBS_CONTENT="autographes"/>
                  <HYP CONTENT="-"/>
               </TextLine>
               <TextLine ID="r1l21"
                         BASELINE="1434"
                         HEIGHT="56"
                         WIDTH="1364"
                         VPOS="1378"
                         HPOS="83">
                  <String HEIGHT="56"
                          WIDTH="208"
                          VPOS="1378"
                          HPOS="64"
                          CONTENT="graphes"
                          SUBS_TYPE="HypPart2"
                          SUBS_CONTENT="autographes"/>
                  <SP HEIGHT="56" WIDTH="19" VPOS="1378" HPOS="272"/>
                  <String HEIGHT="56"
                          WIDTH="208"
                          VPOS="1378"
                          HPOS="216"
                          CONTENT="signées"/>
                  <SP HEIGHT="56" WIDTH="19" VPOS="1378" HPOS="424"/>
                  <String HEIGHT="56" WIDTH="114" VPOS="1378" HPOS="367" CONTENT="de"/>
                  <SP HEIGHT="56" WIDTH="19" VPOS="1378" HPOS="481"/>
                  <String HEIGHT="56"
                          WIDTH="208"
                          VPOS="1378"
                          HPOS="424"
                          CONTENT="Boileau"/>
                  <SP HEIGHT="56" WIDTH="19" VPOS="1378" HPOS="632"/>
                  <String HEIGHT="56"
                          WIDTH="284"
                          VPOS="1378"
                          HPOS="576"
                          CONTENT="Despréaux)."/>
                  <SP HEIGHT="56" WIDTH="19" VPOS="1378" HPOS="860"/>
                  <String HEIGHT="56" WIDTH="95" VPOS="1378" HPOS="803" CONTENT="—"/>
                  <SP HEIGHT="56" WIDTH="19" VPOS="1378" HPOS="898"/>
                  <String HEIGHT="56"
                          WIDTH="171"
                          VPOS="1378"
                          HPOS="841"
                          CONTENT="Arrêt"/>
                  <SP HEIGHT="56" WIDTH="19" VPOS="1378" HPOS="1011"/>
                  <String HEIGHT="56" WIDTH="114" VPOS="1378" HPOS="954" CONTENT="de"/>
                  <SP HEIGHT="56" WIDTH="19" VPOS="1378" HPOS="1068"/>
                  <String HEIGHT="56"
                          WIDTH="227"
                          VPOS="1378"
                          HPOS="1011"
                          CONTENT="noblesse"/>
                  <SP HEIGHT="56" WIDTH="19" VPOS="1378" HPOS="1239"/>
                  <String HEIGHT="56"
                          WIDTH="114"
                          VPOS="1378"
                          HPOS="1182"
                          CONTENT="de"/>
                  <SP HEIGHT="56" WIDTH="19" VPOS="1378" HPOS="1295"/>
                  <String HEIGHT="56"
                          WIDTH="114"
                          VPOS="1378"
                          HPOS="1239"
                          CONTENT="la"/>
                  <SP HEIGHT="56" WIDTH="19" VPOS="1378" HPOS="1352"/>
                  <String HEIGHT="56"
                          WIDTH="171"
                          VPOS="1378"
                          HPOS="1277"
                          CONTENT="famille"/>
               </TextLine>
               <TextLine ID="r1l22"
                         BASELINE="1475"
                         HEIGHT="51"
                         WIDTH="1363"
                         VPOS="1424"
                         HPOS="79">
                  <String HEIGHT="51" WIDTH="119" VPOS="1424" HPOS="59" CONTENT="de"/>
                  <SP HEIGHT="51" WIDTH="20" VPOS="1424" HPOS="178"/>
                  <String HEIGHT="51"
                          WIDTH="217"
                          VPOS="1424"
                          HPOS="119"
                          CONTENT="Boileau"/>
                  <SP HEIGHT="51" WIDTH="20" VPOS="1424" HPOS="336"/>
                  <String HEIGHT="51"
                          WIDTH="277"
                          VPOS="1424"
                          HPOS="277"
                          CONTENT="Despréaux."/>
                  <SP HEIGHT="51" WIDTH="20" VPOS="1424" HPOS="553"/>
                  <String HEIGHT="51" WIDTH="99" VPOS="1424" HPOS="494" CONTENT="—"/>
                  <SP HEIGHT="51" WIDTH="20" VPOS="1424" HPOS="593"/>
                  <String HEIGHT="51"
                          WIDTH="237"
                          VPOS="1424"
                          HPOS="533"
                          CONTENT="Sentence"/>
                  <SP HEIGHT="51" WIDTH="20" VPOS="1424" HPOS="770"/>
                  <String HEIGHT="51"
                          WIDTH="138"
                          VPOS="1424"
                          HPOS="711"
                          CONTENT="des"/>
                  <SP HEIGHT="51" WIDTH="20" VPOS="1424" HPOS="849"/>
                  <String HEIGHT="51"
                          WIDTH="237"
                          VPOS="1424"
                          HPOS="790"
                          CONTENT="requêtes"/>
                  <SP HEIGHT="51" WIDTH="20" VPOS="1424" HPOS="1027"/>
                  <String HEIGHT="51" WIDTH="119" VPOS="1424" HPOS="968" CONTENT="du"/>
                  <SP HEIGHT="51" WIDTH="20" VPOS="1424" HPOS="1086"/>
                  <String HEIGHT="51"
                          WIDTH="198"
                          VPOS="1424"
                          HPOS="1027"
                          CONTENT="Palais"/>
                  <SP HEIGHT="51" WIDTH="20" VPOS="1424" HPOS="1225"/>
                  <String HEIGHT="51"
                          WIDTH="138"
                          VPOS="1424"
                          HPOS="1165"
                          CONTENT="sur"/>
                  <SP HEIGHT="51" WIDTH="20" VPOS="1424" HPOS="1304"/>
                  <String HEIGHT="51"
                          WIDTH="119"
                          VPOS="1424"
                          HPOS="1244"
                          CONTENT="le"/>
                  <SP HEIGHT="51" WIDTH="20" VPOS="1424" HPOS="1363"/>
                  <String HEIGHT="51"
                          WIDTH="158"
                          VPOS="1424"
                          HPOS="1284"
                          CONTENT="procès"/>
               </TextLine>
               <TextLine ID="r1l23"
                         BASELINE="1522"
                         HEIGHT="60"
                         WIDTH="1363"
                         VPOS="1462"
                         HPOS="80">
                  <String HEIGHT="60" WIDTH="109" VPOS="1462" HPOS="62" CONTENT="du"/>
                  <SP HEIGHT="60" WIDTH="18" VPOS="1462" HPOS="171"/>
                  <String HEIGHT="60"
                          WIDTH="200"
                          VPOS="1462"
                          HPOS="116"
                          CONTENT="Lutrin."/>
                  <SP HEIGHT="60" WIDTH="18" VPOS="1462" HPOS="316"/>
                  <String HEIGHT="60" WIDTH="91" VPOS="1462" HPOS="262" CONTENT="—"/>
                  <SP HEIGHT="60" WIDTH="18" VPOS="1462" HPOS="353"/>
                  <String HEIGHT="60"
                          WIDTH="200"
                          VPOS="1462"
                          HPOS="298"
                          CONTENT="Lettres"/>
                  <SP HEIGHT="60" WIDTH="18" VPOS="1462" HPOS="498"/>
                  <String HEIGHT="60" WIDTH="109" VPOS="1462" HPOS="443" CONTENT="et"/>
                  <SP HEIGHT="60" WIDTH="18" VPOS="1462" HPOS="553"/>
                  <String HEIGHT="60"
                          WIDTH="182"
                          VPOS="1462"
                          HPOS="498"
                          CONTENT="pièces"/>
                  <SP HEIGHT="60" WIDTH="18" VPOS="1462" HPOS="680"/>
                  <String HEIGHT="60" WIDTH="109" VPOS="1462" HPOS="625" CONTENT="de"/>
                  <SP HEIGHT="60" WIDTH="18" VPOS="1462" HPOS="734"/>
                  <String HEIGHT="60"
                          WIDTH="200"
                          VPOS="1462"
                          HPOS="680"
                          CONTENT="divers."/>
                  <SP HEIGHT="60" WIDTH="18" VPOS="1462" HPOS="880"/>
                  <String HEIGHT="60" WIDTH="91" VPOS="1462" HPOS="825" CONTENT="—"/>
                  <SP HEIGHT="60" WIDTH="18" VPOS="1462" HPOS="916"/>
                  <String HEIGHT="60"
                          WIDTH="236"
                          VPOS="1462"
                          HPOS="861"
                          CONTENT="Testament"/>
                  <SP HEIGHT="60" WIDTH="18" VPOS="1462" HPOS="1098"/>
                  <String HEIGHT="60"
                          WIDTH="109"
                          VPOS="1462"
                          HPOS="1043"
                          CONTENT="de"/>
                  <SP HEIGHT="60" WIDTH="18" VPOS="1462" HPOS="1152"/>
                  <String HEIGHT="60"
                          WIDTH="200"
                          VPOS="1462"
                          HPOS="1098"
                          CONTENT="Boileau"/>
                  <SP HEIGHT="60" WIDTH="18" VPOS="1462" HPOS="1298"/>
                  <String HEIGHT="60"
                          WIDTH="218"
                          VPOS="1462"
                          HPOS="1225"
                          CONTENT="Despréaux,"/>
               </TextLine>
               <TextLine ID="r1l24"
                         BASELINE="1561"
                         HEIGHT="55"
                         WIDTH="1403"
                         VPOS="1506"
                         HPOS="41">
                  <String HEIGHT="55"
                          WIDTH="222"
                          VPOS="1506"
                          HPOS="23"
                          CONTENT="DEUNIÈME"/>
                  <SP HEIGHT="55" WIDTH="18" VPOS="1506" HPOS="244"/>
                  <String HEIGHT="55"
                          WIDTH="203"
                          VPOS="1506"
                          HPOS="189"
                          CONTENT="PARTIE,"/>
                  <SP HEIGHT="55" WIDTH="18" VPOS="1506" HPOS="392"/>
                  <String HEIGHT="55" WIDTH="111" VPOS="1506" HPOS="336" CONTENT="ou"/>
                  <SP HEIGHT="55" WIDTH="18" VPOS="1506" HPOS="447"/>
                  <String HEIGHT="55"
                          WIDTH="388"
                          VPOS="1506"
                          HPOS="392"
                          CONTENT="&lt;i&gt;Supplément&lt;/i&gt;"/>
                  <SP HEIGHT="55" WIDTH="18" VPOS="1506" HPOS="779"/>
                  <String HEIGHT="55"
                          WIDTH="240"
                          VPOS="1506"
                          HPOS="724"
                          CONTENT="(deuxième"/>
                  <SP HEIGHT="55" WIDTH="18" VPOS="1506" HPOS="964"/>
                  <String HEIGHT="55"
                          WIDTH="185"
                          VPOS="1506"
                          HPOS="909"
                          CONTENT="volume"/>
                  <SP HEIGHT="55" WIDTH="18" VPOS="1506" HPOS="1093"/>
                  <String HEIGHT="55"
                          WIDTH="111"
                          VPOS="1506"
                          HPOS="1038"
                          CONTENT="du"/>
                  <SP HEIGHT="55" WIDTH="18" VPOS="1506" HPOS="1149"/>
                  <String HEIGHT="55"
                          WIDTH="258"
                          VPOS="1506"
                          HPOS="1093"
                          CONTENT="manuscrit)"/>
                  <SP HEIGHT="55" WIDTH="18" VPOS="1506" HPOS="1352"/>
                  <String HEIGHT="55"
                          WIDTH="166"
                          VPOS="1506"
                          HPOS="1278"
                          CONTENT="compres"/>
               </TextLine>
               <TextLine ID="r1l25"
                         BASELINE="1604"
                         HEIGHT="51"
                         WIDTH="1363"
                         VPOS="1553"
                         HPOS="78">
                  <String HEIGHT="51"
                          WIDTH="147"
                          VPOS="1553"
                          HPOS="60"
                          CONTENT="nant"/>
                  <SP HEIGHT="51" WIDTH="18" VPOS="1553" HPOS="207"/>
                  <String HEIGHT="51"
                          WIDTH="129"
                          VPOS="1553"
                          HPOS="152"
                          CONTENT="les"/>
                  <SP HEIGHT="51" WIDTH="18" VPOS="1553" HPOS="281"/>
                  <String HEIGHT="51"
                          WIDTH="203"
                          VPOS="1553"
                          HPOS="225"
                          CONTENT="papiers"/>
                  <SP HEIGHT="51" WIDTH="18" VPOS="1553" HPOS="428"/>
                  <String HEIGHT="51" WIDTH="111" VPOS="1553" HPOS="373" CONTENT="de"/>
                  <SP HEIGHT="51" WIDTH="18" VPOS="1553" HPOS="483"/>
                  <String HEIGHT="51"
                          WIDTH="203"
                          VPOS="1553"
                          HPOS="428"
                          CONTENT="Boileau"/>
                  <SP HEIGHT="51" WIDTH="18" VPOS="1553" HPOS="631"/>
                  <String HEIGHT="51"
                          WIDTH="239"
                          VPOS="1553"
                          HPOS="575"
                          CONTENT="Despréaux"/>
                  <SP HEIGHT="51" WIDTH="18" VPOS="1553" HPOS="815"/>
                  <String HEIGHT="51"
                          WIDTH="203"
                          VPOS="1553"
                          HPOS="760"
                          CONTENT="laissés"/>
                  <SP HEIGHT="51" WIDTH="18" VPOS="1553" HPOS="962"/>
                  <String HEIGHT="51" WIDTH="92" VPOS="1553" HPOS="907" CONTENT="à"/>
                  <SP HEIGHT="51" WIDTH="18" VPOS="1553" HPOS="999"/>
                  <String HEIGHT="51" WIDTH="111" VPOS="1553" HPOS="944" CONTENT="sa"/>
                  <SP HEIGHT="51" WIDTH="18" VPOS="1553" HPOS="1054"/>
                  <String HEIGHT="51"
                          WIDTH="166"
                          VPOS="1553"
                          HPOS="999"
                          CONTENT="mort,"/>
                  <SP HEIGHT="51" WIDTH="18" VPOS="1553" HPOS="1165"/>
                  <String HEIGHT="51"
                          WIDTH="111"
                          VPOS="1553"
                          HPOS="1109"
                          CONTENT="et"/>
                  <SP HEIGHT="51" WIDTH="18" VPOS="1553" HPOS="1220"/>
                  <String HEIGHT="51"
                          WIDTH="184"
                          VPOS="1553"
                          HPOS="1165"
                          CONTENT="donnés"/>
                  <SP HEIGHT="51" WIDTH="18" VPOS="1553" HPOS="1349"/>
                  <String HEIGHT="51" WIDTH="92" VPOS="1553" HPOS="1294" CONTENT="à"/>
                  <SP HEIGHT="51" WIDTH="18" VPOS="1553" HPOS="1386"/>
                  <String HEIGHT="51"
                          WIDTH="129"
                          VPOS="1553"
                          HPOS="1312"
                          CONTENT="Bros"
                          SUBS_TYPE="HypPart1"
                          SUBS_CONTENT="Bros—"/>
                  <HYP CONTENT="-"/>
               </TextLine>
               <TextLine ID="r1l26"
                         BASELINE="1648"
                         HEIGHT="60"
                         WIDTH="688"
                         VPOS="1588"
                         HPOS="758">
                  <String HEIGHT="60"
                          WIDTH="111"
                          VPOS="1588"
                          HPOS="736"
                          CONTENT="—"
                          SUBS_TYPE="HypPart2"
                          SUBS_CONTENT="Bros—"/>
                  <SP HEIGHT="60" WIDTH="22" VPOS="1588" HPOS="847"/>
                  <String HEIGHT="60"
                          WIDTH="155"
                          VPOS="1588"
                          HPOS="780"
                          CONTENT="Les"/>
                  <SP HEIGHT="60" WIDTH="22" VPOS="1588" HPOS="936"/>
                  <String HEIGHT="60"
                          WIDTH="200"
                          VPOS="1588"
                          HPOS="869"
                          CONTENT="Héros"/>
                  <SP HEIGHT="60" WIDTH="22" VPOS="1588" HPOS="1069"/>
                  <String HEIGHT="60"
                          WIDTH="133"
                          VPOS="1588"
                          HPOS="1002"
                          CONTENT="du"/>
                  <SP HEIGHT="60" WIDTH="22" VPOS="1588" HPOS="1135"/>
                  <String HEIGHT="60"
                          WIDTH="222"
                          VPOS="1588"
                          HPOS="1069"
                          CONTENT="Roman,"/>
                  <SP HEIGHT="60" WIDTH="22" VPOS="1588" HPOS="1291"/>
                  <String HEIGHT="60"
                          WIDTH="244"
                          VPOS="1588"
                          HPOS="1202"
                          CONTENT="dialogue."/>
               </TextLine>
               <TextLine ID="r1l27"
                         BASELINE="1643"
                         HEIGHT="46"
                         WIDTH="682"
                         VPOS="1597"
                         HPOS="82">
                  <String HEIGHT="46"
                          WIDTH="171"
                          VPOS="1597"
                          HPOS="63"
                          CONTENT="sette"/>
                  <SP HEIGHT="46" WIDTH="19" VPOS="1597" HPOS="234"/>
                  <String HEIGHT="46"
                          WIDTH="133"
                          VPOS="1597"
                          HPOS="177"
                          CONTENT="par"/>
                  <SP HEIGHT="46" WIDTH="19" VPOS="1597" HPOS="309"/>
                  <String HEIGHT="46"
                          WIDTH="189"
                          VPOS="1597"
                          HPOS="253"
                          CONTENT="l’abbé"/>
                  <SP HEIGHT="46" WIDTH="19" VPOS="1597" HPOS="442"/>
                  <String HEIGHT="46"
                          WIDTH="227"
                          VPOS="1597"
                          HPOS="385"
                          CONTENT="Boileau,"/>
                  <SP HEIGHT="46" WIDTH="19" VPOS="1597" HPOS="612"/>
                  <String HEIGHT="46"
                          WIDTH="133"
                          VPOS="1597"
                          HPOS="556"
                          CONTENT="son"/>
                  <SP HEIGHT="46" WIDTH="19" VPOS="1597" HPOS="688"/>
                  <String HEIGHT="46"
                          WIDTH="152"
                          VPOS="1597"
                          HPOS="612"
                          CONTENT="frère."/>
               </TextLine>
               <TextLine ID="r1l28"
                         BASELINE="1689"
                         HEIGHT="45"
                         WIDTH="1357"
                         VPOS="1644"
                         HPOS="79">
                  <String HEIGHT="45" WIDTH="123" VPOS="1644" HPOS="58" CONTENT="——"/>
                  <SP HEIGHT="45" WIDTH="21" VPOS="1644" HPOS="182"/>
                  <String HEIGHT="45"
                          WIDTH="164"
                          VPOS="1644"
                          HPOS="120"
                          CONTENT="Deux"/>
                  <SP HEIGHT="45" WIDTH="21" VPOS="1644" HPOS="285"/>
                  <String HEIGHT="45"
                          WIDTH="267"
                          VPOS="1644"
                          HPOS="223"
                          CONTENT="Epitaphes"/>
                  <SP HEIGHT="45" WIDTH="21" VPOS="1644" HPOS="490"/>
                  <String HEIGHT="45" WIDTH="123" VPOS="1644" HPOS="429" CONTENT="de"/>
                  <SP HEIGHT="45" WIDTH="21" VPOS="1644" HPOS="552"/>
                  <String HEIGHT="45"
                          WIDTH="226"
                          VPOS="1644"
                          HPOS="490"
                          CONTENT="Racine."/>
                  <SP HEIGHT="45" WIDTH="21" VPOS="1644" HPOS="716"/>
                  <String HEIGHT="45" WIDTH="103" VPOS="1644" HPOS="655" CONTENT="—"/>
                  <SP HEIGHT="45" WIDTH="21" VPOS="1644" HPOS="758"/>
                  <String HEIGHT="45"
                          WIDTH="226"
                          VPOS="1644"
                          HPOS="696"
                          CONTENT="Réponse"/>
                  <SP HEIGHT="45" WIDTH="21" VPOS="1644" HPOS="922"/>
                  <String HEIGHT="45" WIDTH="103" VPOS="1644" HPOS="860" CONTENT="à"/>
                  <SP HEIGHT="45" WIDTH="21" VPOS="1644" HPOS="963"/>
                  <String HEIGHT="45" WIDTH="123" VPOS="1644" HPOS="901" CONTENT="un"/>
                  <SP HEIGHT="45" WIDTH="21" VPOS="1644" HPOS="1025"/>
                  <String HEIGHT="45"
                          WIDTH="226"
                          VPOS="1644"
                          HPOS="963"
                          CONTENT="mémoire"/>
                  <SP HEIGHT="45" WIDTH="21" VPOS="1644" HPOS="1189"/>
                  <String HEIGHT="45"
                          WIDTH="123"
                          VPOS="1644"
                          HPOS="1128"
                          CONTENT="de"/>
                  <SP HEIGHT="45" WIDTH="21" VPOS="1644" HPOS="1251"/>
                  <String HEIGHT="45"
                          WIDTH="206"
                          VPOS="1644"
                          HPOS="1189"
                          CONTENT="Claude"/>
                  <SP HEIGHT="45" WIDTH="21" VPOS="1644" HPOS="1395"/>
                  <String HEIGHT="45"
                          WIDTH="123"
                          VPOS="1644"
                          HPOS="1313"
                          CONTENT="Peps"/>
               </TextLine>
               <TextLine ID="r1l29"
                         BASELINE="1739"
                         HEIGHT="55"
                         WIDTH="1364"
                         VPOS="1684"
                         HPOS="79">
                  <String HEIGHT="55"
                          WIDTH="184"
                          VPOS="1684"
                          HPOS="61"
                          CONTENT="rault."/>
                  <SP HEIGHT="55" WIDTH="18" VPOS="1684" HPOS="245"/>
                  <String HEIGHT="55" WIDTH="92" VPOS="1684" HPOS="190" CONTENT="—"/>
                  <SP HEIGHT="55" WIDTH="18" VPOS="1684" HPOS="282"/>
                  <String HEIGHT="55"
                          WIDTH="221"
                          VPOS="1684"
                          HPOS="226"
                          CONTENT="Lettres:"/>
                  <SP HEIGHT="55" WIDTH="18" VPOS="1684" HPOS="448"/>
                  <String HEIGHT="55" WIDTH="111" VPOS="1684" HPOS="392" CONTENT="au"/>
                  <SP HEIGHT="55" WIDTH="18" VPOS="1684" HPOS="503"/>
                  <String HEIGHT="55"
                          WIDTH="166"
                          VPOS="1684"
                          HPOS="448"
                          CONTENT="comte"/>
                  <SP HEIGHT="55" WIDTH="18" VPOS="1684" HPOS="614"/>
                  <String HEIGHT="55" WIDTH="111" VPOS="1684" HPOS="558" CONTENT="de"/>
                  <SP HEIGHT="55" WIDTH="18" VPOS="1684" HPOS="669"/>
                  <String HEIGHT="55"
                          WIDTH="221"
                          VPOS="1684"
                          HPOS="614"
                          CONTENT="Vivonne;"/>
                  <SP HEIGHT="55" WIDTH="18" VPOS="1684" HPOS="835"/>
                  <String HEIGHT="55" WIDTH="92" VPOS="1684" HPOS="779" CONTENT="à"/>
                  <SP HEIGHT="55" WIDTH="18" VPOS="1684" HPOS="872"/>
                  <String HEIGHT="55"
                          WIDTH="240"
                          VPOS="1684"
                          HPOS="816"
                          CONTENT="Maucroix;"/>
                  <SP HEIGHT="55" WIDTH="18" VPOS="1684" HPOS="1056"/>
                  <String HEIGHT="55" WIDTH="92" VPOS="1684" HPOS="1001" CONTENT="à"/>
                  <SP HEIGHT="55" WIDTH="18" VPOS="1684" HPOS="1093"/>
                  <String HEIGHT="55"
                          WIDTH="184"
                          VPOS="1684"
                          HPOS="1037"
                          CONTENT="Racine"/>
                  <SP HEIGHT="55" WIDTH="18" VPOS="1684" HPOS="1222"/>
                  <String HEIGHT="55"
                          WIDTH="147"
                          VPOS="1684"
                          HPOS="1167"
                          CONTENT="(dix"/>
                  <SP HEIGHT="55" WIDTH="18" VPOS="1684" HPOS="1314"/>
                  <String HEIGHT="55"
                          WIDTH="203"
                          VPOS="1684"
                          HPOS="1240"
                          CONTENT="lettres);"/>
               </TextLine>
               <TextLine ID="r1l30"
                         BASELINE="1775"
                         HEIGHT="47"
                         WIDTH="1364"
                         VPOS="1728"
                         HPOS="81">
                  <String HEIGHT="47" WIDTH="100" VPOS="1728" HPOS="61" CONTENT="à"/>
                  <SP HEIGHT="47" WIDTH="20" VPOS="1728" HPOS="161"/>
                  <String HEIGHT="47"
                          WIDTH="201"
                          VPOS="1728"
                          HPOS="101"
                          CONTENT="Madame"/>
                  <SP HEIGHT="47" WIDTH="20" VPOS="1728" HPOS="302"/>
                  <String HEIGHT="47"
                          WIDTH="241"
                          VPOS="1728"
                          HPOS="241"
                          CONTENT="Manchon,"/>
                  <SP HEIGHT="47" WIDTH="20" VPOS="1728" HPOS="482"/>
                  <String HEIGHT="47" WIDTH="120" VPOS="1728" HPOS="422" CONTENT="sa"/>
                  <SP HEIGHT="47" WIDTH="20" VPOS="1728" HPOS="542"/>
                  <String HEIGHT="47"
                          WIDTH="181"
                          VPOS="1728"
                          HPOS="482"
                          CONTENT="sœur;"/>
                  <SP HEIGHT="47" WIDTH="20" VPOS="1728" HPOS="663"/>
                  <String HEIGHT="47" WIDTH="100" VPOS="1728" HPOS="603" CONTENT="à"/>
                  <SP HEIGHT="47" WIDTH="20" VPOS="1728" HPOS="703"/>
                  <String HEIGHT="47"
                          WIDTH="201"
                          VPOS="1728"
                          HPOS="643"
                          CONTENT="Madame"/>
                  <SP HEIGHT="47" WIDTH="20" VPOS="1728" HPOS="843"/>
                  <String HEIGHT="47" WIDTH="120" VPOS="1728" HPOS="783" CONTENT="la"/>
                  <SP HEIGHT="47" WIDTH="20" VPOS="1728" HPOS="903"/>
                  <String HEIGHT="47"
                          WIDTH="241"
                          VPOS="1728"
                          HPOS="843"
                          CONTENT="marquise"/>
                  <SP HEIGHT="47" WIDTH="20" VPOS="1728" HPOS="1084"/>
                  <String HEIGHT="47"
                          WIDTH="120"
                          VPOS="1728"
                          HPOS="1024"
                          CONTENT="de"/>
                  <SP HEIGHT="47" WIDTH="20" VPOS="1728" HPOS="1144"/>
                  <String HEIGHT="47"
                          WIDTH="261"
                          VPOS="1728"
                          HPOS="1084"
                          CONTENT="Villette;"/>
                  <SP HEIGHT="47" WIDTH="20" VPOS="1728" HPOS="1345"/>
                  <String HEIGHT="47" WIDTH="100" VPOS="1728" HPOS="1285" CONTENT="à"/>
                  <SP HEIGHT="47" WIDTH="20" VPOS="1728" HPOS="1385"/>
                  <String HEIGHT="47"
                          WIDTH="120"
                          VPOS="1728"
                          HPOS="1325"
                          CONTENT="M."/>
                  <SP HEIGHT="47" WIDTH="20" VPOS="1728" HPOS="1445"/>
                  <String HEIGHT="47" WIDTH="80" VPOS="1728" HPOS="1365" CONTENT="de"/>
               </TextLine>
               <TextLine ID="r1l31"
                         BASELINE="1819"
                         HEIGHT="64"
                         WIDTH="1329"
                         VPOS="1755"
                         HPOS="76">
                  <String HEIGHT="64" WIDTH="125" VPOS="1755" HPOS="55" CONTENT="La"/>
                  <SP HEIGHT="64" WIDTH="21" VPOS="1755" HPOS="180"/>
                  <String HEIGHT="64"
                          WIDTH="270"
                          VPOS="1755"
                          HPOS="118"
                          CONTENT="Chapelle,"/>
                  <SP HEIGHT="64" WIDTH="21" VPOS="1755" HPOS="387"/>
                  <String HEIGHT="64"
                          WIDTH="145"
                          VPOS="1755"
                          HPOS="325"
                          CONTENT="son"/>
                  <SP HEIGHT="64" WIDTH="21" VPOS="1755" HPOS="471"/>
                  <String HEIGHT="64"
                          WIDTH="187"
                          VPOS="1755"
                          HPOS="408"
                          CONTENT="neveu"/>
                  <SP HEIGHT="64" WIDTH="21" VPOS="1755" HPOS="595"/>
                  <String HEIGHT="64"
                          WIDTH="166"
                          VPOS="1755"
                          HPOS="533"
                          CONTENT="(dix"/>
                  <SP HEIGHT="64" WIDTH="21" VPOS="1755" HPOS="699"/>
                  <String HEIGHT="64"
                          WIDTH="270"
                          VPOS="1755"
                          HPOS="637"
                          CONTENT="lettres);"/>
                  <SP HEIGHT="64" WIDTH="21" VPOS="1755" HPOS="907"/>
                  <String HEIGHT="64" WIDTH="104" VPOS="1755" HPOS="844" CONTENT="à"/>
                  <SP HEIGHT="64" WIDTH="21" VPOS="1755" HPOS="948"/>
                  <String HEIGHT="64" WIDTH="125" VPOS="1755" HPOS="886" CONTENT="M."/>
                  <SP HEIGHT="64" WIDTH="21" VPOS="1755" HPOS="1010"/>
                  <String HEIGHT="64" WIDTH="125" VPOS="1755" HPOS="948" CONTENT="le"/>
                  <SP HEIGHT="64" WIDTH="21" VPOS="1755" HPOS="1073"/>
                  <String HEIGHT="64"
                          WIDTH="187"
                          VPOS="1755"
                          HPOS="1010"
                          CONTENT="comte"/>
                  <SP HEIGHT="64" WIDTH="21" VPOS="1755" HPOS="1197"/>
                  <String HEIGHT="64"
                          WIDTH="125"
                          VPOS="1755"
                          HPOS="1135"
                          CONTENT="de"/>
                  <SP HEIGHT="64" WIDTH="21" VPOS="1755" HPOS="1260"/>
                  <String HEIGHT="64"
                          WIDTH="228"
                          VPOS="1755"
                          HPOS="1177"
                          CONTENT="Maurepas;"/>
               </TextLine>
               <TextLine ID="r1l32"
                         BASELINE="1818"
                         HEIGHT="54"
                         WIDTH="43"
                         VPOS="1764"
                         HPOS="1412">
                  <String HEIGHT="54" WIDTH="129" VPOS="1764" HPOS="1326" CONTENT="à"/>
               </TextLine>
               <TextLine ID="r1l33"
                         BASELINE="1859"
                         HEIGHT="54"
                         WIDTH="1373"
                         VPOS="1805"
                         HPOS="76">
                  <String HEIGHT="54" WIDTH="118" VPOS="1805" HPOS="56" CONTENT="M."/>
                  <SP HEIGHT="54" WIDTH="20" VPOS="1805" HPOS="174"/>
                  <String HEIGHT="54" WIDTH="118" VPOS="1805" HPOS="115" CONTENT="de"/>
                  <SP HEIGHT="54" WIDTH="20" VPOS="1805" HPOS="233"/>
                  <String HEIGHT="54"
                          WIDTH="353"
                          VPOS="1805"
                          HPOS="174"
                          CONTENT="Pontchartrain;"/>
                  <SP HEIGHT="54" WIDTH="20" VPOS="1805" HPOS="527"/>
                  <String HEIGHT="54" WIDTH="98" VPOS="1805" HPOS="468" CONTENT="à"/>
                  <SP HEIGHT="54" WIDTH="20" VPOS="1805" HPOS="566"/>
                  <String HEIGHT="54" WIDTH="118" VPOS="1805" HPOS="508" CONTENT="M."/>
                  <SP HEIGHT="54" WIDTH="20" VPOS="1805" HPOS="625"/>
                  <String HEIGHT="54"
                          WIDTH="196"
                          VPOS="1805"
                          HPOS="566"
                          CONTENT="l’abbé"/>
                  <SP HEIGHT="54" WIDTH="20" VPOS="1805" HPOS="763"/>
                  <String HEIGHT="54"
                          WIDTH="216"
                          VPOS="1805"
                          HPOS="704"
                          CONTENT="Bignon;"/>
                  <SP HEIGHT="54" WIDTH="20" VPOS="1805" HPOS="919"/>
                  <String HEIGHT="54" WIDTH="98" VPOS="1805" HPOS="861" CONTENT="à"/>
                  <SP HEIGHT="54" WIDTH="20" VPOS="1805" HPOS="959"/>
                  <String HEIGHT="54" WIDTH="118" VPOS="1805" HPOS="900" CONTENT="M."/>
                  <SP HEIGHT="54" WIDTH="20" VPOS="1805" HPOS="1017"/>
                  <String HEIGHT="54" WIDTH="118" VPOS="1805" HPOS="959" CONTENT="le"/>
                  <SP HEIGHT="54" WIDTH="20" VPOS="1805" HPOS="1076"/>
                  <String HEIGHT="54"
                          WIDTH="177"
                          VPOS="1805"
                          HPOS="1017"
                          CONTENT="comte"/>
                  <SP HEIGHT="54" WIDTH="20" VPOS="1805" HPOS="1194"/>
                  <String HEIGHT="54"
                          WIDTH="118"
                          VPOS="1805"
                          HPOS="1135"
                          CONTENT="de"/>
                  <SP HEIGHT="54" WIDTH="20" VPOS="1805" HPOS="1253"/>
                  <String HEIGHT="54"
                          WIDTH="177"
                          VPOS="1805"
                          HPOS="1194"
                          CONTENT="Revel"/>
                  <SP HEIGHT="54" WIDTH="20" VPOS="1805" HPOS="1371"/>
                  <String HEIGHT="54"
                          WIDTH="137"
                          VPOS="1805"
                          HPOS="1312"
                          CONTENT="sur"/>
                  <SP HEIGHT="54" WIDTH="20" VPOS="1805" HPOS="1449"/>
                  <String HEIGHT="54" WIDTH="78" VPOS="1805" HPOS="1371" CONTENT="le"/>
               </TextLine>
               <TextLine ID="r1l34"
                         BASELINE="1903"
                         HEIGHT="58"
                         WIDTH="1369"
                         VPOS="1845"
                         HPOS="76">
                  <String HEIGHT="58"
                          WIDTH="207"
                          VPOS="1845"
                          HPOS="55"
                          CONTENT="combat"/>
                  <SP HEIGHT="58" WIDTH="21" VPOS="1845" HPOS="263"/>
                  <String HEIGHT="58" WIDTH="124" VPOS="1845" HPOS="200" CONTENT="de"/>
                  <SP HEIGHT="58" WIDTH="21" VPOS="1845" HPOS="325"/>
                  <String HEIGHT="58"
                          WIDTH="249"
                          VPOS="1845"
                          HPOS="263"
                          CONTENT="Crémone;"/>
                  <SP HEIGHT="58" WIDTH="21" VPOS="1845" HPOS="512"/>
                  <String HEIGHT="58" WIDTH="104" VPOS="1845" HPOS="449" CONTENT="à"/>
                  <SP HEIGHT="58" WIDTH="21" VPOS="1845" HPOS="553"/>
                  <String HEIGHT="58" WIDTH="124" VPOS="1845" HPOS="491" CONTENT="M."/>
                  <SP HEIGHT="58" WIDTH="21" VPOS="1845" HPOS="615"/>
                  <String HEIGHT="58" WIDTH="124" VPOS="1845" HPOS="553" CONTENT="Le"/>
                  <SP HEIGHT="58" WIDTH="21" VPOS="1845" HPOS="678"/>
                  <String HEIGHT="58"
                          WIDTH="249"
                          VPOS="1845"
                          HPOS="615"
                          CONTENT="Verrier:"/>
                  <SP HEIGHT="58" WIDTH="21" VPOS="1845" HPOS="864"/>
                  <String HEIGHT="58" WIDTH="104" VPOS="1845" HPOS="802" CONTENT="à"/>
                  <SP HEIGHT="58" WIDTH="21" VPOS="1845" HPOS="906"/>
                  <String HEIGHT="58"
                          WIDTH="311"
                          VPOS="1845"
                          HPOS="843"
                          CONTENT="Destouches;"/>
                  <SP HEIGHT="58" WIDTH="21" VPOS="1845" HPOS="1155"/>
                  <String HEIGHT="58"
                          WIDTH="124"
                          VPOS="1845"
                          HPOS="1092"
                          CONTENT="au"/>
                  <SP HEIGHT="58" WIDTH="21" VPOS="1845" HPOS="1217"/>
                  <String HEIGHT="58"
                          WIDTH="166"
                          VPOS="1845"
                          HPOS="1155"
                          CONTENT="père"/>
                  <SP HEIGHT="58" WIDTH="21" VPOS="1845" HPOS="1321"/>
                  <String HEIGHT="58"
                          WIDTH="207"
                          VPOS="1845"
                          HPOS="1238"
                          CONTENT="Thoulier"/>
               </TextLine>
               <TextLine ID="r1l35"
                         BASELINE="1937"
                         HEIGHT="51"
                         WIDTH="1359"
                         VPOS="1886"
                         HPOS="84">
                  <String HEIGHT="51"
                          WIDTH="168"
                          VPOS="1886"
                          HPOS="65"
                          CONTENT="trois"/>
                  <SP HEIGHT="51" WIDTH="19" VPOS="1886" HPOS="233"/>
                  <String HEIGHT="51"
                          WIDTH="242"
                          VPOS="1886"
                          HPOS="177"
                          CONTENT="lettres),"/>
                  <SP HEIGHT="51" WIDTH="19" VPOS="1886" HPOS="419"/>
                  <String HEIGHT="51"
                          WIDTH="168"
                          VPOS="1886"
                          HPOS="363"
                          CONTENT="etc.,"/>
                  <SP HEIGHT="51" WIDTH="19" VPOS="1886" HPOS="531"/>
                  <String HEIGHT="51"
                          WIDTH="205"
                          VPOS="1886"
                          HPOS="475"
                          CONTENT="etc...;"/>
                  <SP HEIGHT="51" WIDTH="19" VPOS="1886" HPOS="680"/>
                  <String HEIGHT="51"
                          WIDTH="223"
                          VPOS="1886"
                          HPOS="624"
                          CONTENT="Maucroix"/>
                  <SP HEIGHT="51" WIDTH="19" VPOS="1886" HPOS="847"/>
                  <String HEIGHT="51" WIDTH="93" VPOS="1886" HPOS="791" CONTENT="à"/>
                  <SP HEIGHT="51" WIDTH="19" VPOS="1886" HPOS="885"/>
                  <String HEIGHT="51"
                          WIDTH="242"
                          VPOS="1886"
                          HPOS="829"
                          CONTENT="Despréaux"/>
                  <SP HEIGHT="51" WIDTH="19" VPOS="1886" HPOS="1071"/>
                  <String HEIGHT="51"
                          WIDTH="168"
                          VPOS="1886"
                          HPOS="1015"
                          CONTENT="(cinq"/>
                  <SP HEIGHT="51" WIDTH="19" VPOS="1886" HPOS="1182"/>
                  <String HEIGHT="51"
                          WIDTH="242"
                          VPOS="1886"
                          HPOS="1127"
                          CONTENT="lettres);"/>
                  <SP HEIGHT="51" WIDTH="19" VPOS="1886" HPOS="1369"/>
                  <String HEIGHT="51"
                          WIDTH="149"
                          VPOS="1886"
                          HPOS="1294"
                          CONTENT="Racine"/>
               </TextLine>
               <TextLine ID="r1l36"
                         BASELINE="1982"
                         HEIGHT="51"
                         WIDTH="1375"
                         VPOS="1931"
                         HPOS="77">
                  <String HEIGHT="51" WIDTH="97" VPOS="1931" HPOS="58" CONTENT="à"/>
                  <SP HEIGHT="51" WIDTH="19" VPOS="1931" HPOS="154"/>
                  <String HEIGHT="51"
                          WIDTH="271"
                          VPOS="1931"
                          HPOS="96"
                          CONTENT="Despréaux;"/>
                  <SP HEIGHT="51" WIDTH="19" VPOS="1931" HPOS="367"/>
                  <String HEIGHT="51" WIDTH="116" VPOS="1931" HPOS="309" CONTENT="le"/>
                  <SP HEIGHT="51" WIDTH="19" VPOS="1931" HPOS="426"/>
                  <String HEIGHT="51"
                          WIDTH="155"
                          VPOS="1931"
                          HPOS="367"
                          CONTENT="père"/>
                  <SP HEIGHT="51" WIDTH="19" VPOS="1931" HPOS="522"/>
                  <String HEIGHT="51"
                          WIDTH="232"
                          VPOS="1931"
                          HPOS="464"
                          CONTENT="Bouhours"/>
                  <SP HEIGHT="51" WIDTH="19" VPOS="1931" HPOS="697"/>
                  <String HEIGHT="51" WIDTH="97" VPOS="1931" HPOS="639" CONTENT="à"/>
                  <SP HEIGHT="51" WIDTH="19" VPOS="1931" HPOS="735"/>
                  <String HEIGHT="51"
                          WIDTH="271"
                          VPOS="1931"
                          HPOS="677"
                          CONTENT="Despréaux,"/>
                  <SP HEIGHT="51" WIDTH="19" VPOS="1931" HPOS="948"/>
                  <String HEIGHT="51"
                          WIDTH="174"
                          VPOS="1931"
                          HPOS="890"
                          CONTENT="etc.,"/>
                  <SP HEIGHT="51" WIDTH="19" VPOS="1931" HPOS="1065"/>
                  <String HEIGHT="51"
                          WIDTH="155"
                          VPOS="1931"
                          HPOS="1007"
                          CONTENT="etc."/>
                  <SP HEIGHT="51" WIDTH="19" VPOS="1931" HPOS="1162"/>
                  <String HEIGHT="51" WIDTH="97" VPOS="1931" HPOS="1103" CONTENT="—"/>
                  <SP HEIGHT="51" WIDTH="19" VPOS="1931" HPOS="1200"/>
                  <String HEIGHT="51"
                          WIDTH="194"
                          VPOS="1931"
                          HPOS="1142"
                          CONTENT="Pièces"/>
                  <SP HEIGHT="51" WIDTH="19" VPOS="1931" HPOS="1336"/>
                  <String HEIGHT="51"
                          WIDTH="116"
                          VPOS="1931"
                          HPOS="1278"
                          CONTENT="de"/>
                  <SP HEIGHT="51" WIDTH="19" VPOS="1931" HPOS="1394"/>
                  <String HEIGHT="51"
                          WIDTH="136"
                          VPOS="1931"
                          HPOS="1316"
                          CONTENT="vers;"/>
               </TextLine>
               <TextLine ID="r1l37"
                         BASELINE="2025"
                         HEIGHT="53"
                         WIDTH="1375"
                         VPOS="1972"
                         HPOS="72">
                  <String HEIGHT="53"
                          WIDTH="303"
                          VPOS="1972"
                          HPOS="52"
                          CONTENT="Epigrammes;"/>
                  <SP HEIGHT="53" WIDTH="20" VPOS="1972" HPOS="355"/>
                  <String HEIGHT="53"
                          WIDTH="222"
                          VPOS="1972"
                          HPOS="294"
                          CONTENT="Chanson"/>
                  <SP HEIGHT="53" WIDTH="20" VPOS="1972" HPOS="517"/>
                  <String HEIGHT="53" WIDTH="101" VPOS="1972" HPOS="456" CONTENT="à"/>
                  <SP HEIGHT="53" WIDTH="20" VPOS="1972" HPOS="557"/>
                  <String HEIGHT="53"
                          WIDTH="202"
                          VPOS="1972"
                          HPOS="497"
                          CONTENT="boire;"/>
                  <SP HEIGHT="53" WIDTH="20" VPOS="1972" HPOS="699"/>
                  <String HEIGHT="53"
                          WIDTH="222"
                          VPOS="1972"
                          HPOS="638"
                          CONTENT="Enigme;"/>
                  <SP HEIGHT="53" WIDTH="20" VPOS="1972" HPOS="861"/>
                  <String HEIGHT="53"
                          WIDTH="222"
                          VPOS="1972"
                          HPOS="800"
                          CONTENT="Parodie"/>
                  <SP HEIGHT="53" WIDTH="20" VPOS="1972" HPOS="1022"/>
                  <String HEIGHT="53"
                          WIDTH="283"
                          VPOS="1972"
                          HPOS="962"
                          CONTENT="burlesque;"/>
                  <SP HEIGHT="53" WIDTH="20" VPOS="1972" HPOS="1245"/>
                  <String HEIGHT="53"
                          WIDTH="243"
                          VPOS="1972"
                          HPOS="1184"
                          CONTENT="Réponses"/>
                  <SP HEIGHT="53" WIDTH="20" VPOS="1972" HPOS="1427"/>
                  <String HEIGHT="53"
                          WIDTH="101"
                          VPOS="1972"
                          HPOS="1346"
                          CONTENT="aux"/>
               </TextLine>
               <TextLine ID="r1l38"
                         BASELINE="2069"
                         HEIGHT="54"
                         WIDTH="1368"
                         VPOS="2015"
                         HPOS="77">
                  <String HEIGHT="54"
                          WIDTH="235"
                          VPOS="2015"
                          HPOS="57"
                          CONTENT="jésuites"/>
                  <SP HEIGHT="54" WIDTH="20" VPOS="2015" HPOS="292"/>
                  <String HEIGHT="54" WIDTH="117" VPOS="2015" HPOS="233" CONTENT="de"/>
                  <SP HEIGHT="54" WIDTH="20" VPOS="2015" HPOS="351"/>
                  <String HEIGHT="54"
                          WIDTH="235"
                          VPOS="2015"
                          HPOS="292"
                          CONTENT="Trévoux;"/>
                  <SP HEIGHT="54" WIDTH="20" VPOS="2015" HPOS="526"/>
                  <String HEIGHT="54"
                          WIDTH="274"
                          VPOS="2015"
                          HPOS="468"
                          CONTENT="Quatrains;"/>
                  <SP HEIGHT="54" WIDTH="20" VPOS="2015" HPOS="741"/>
                  <String HEIGHT="54"
                          WIDTH="176"
                          VPOS="2015"
                          HPOS="683"
                          CONTENT="etc.,"/>
                  <SP HEIGHT="54" WIDTH="20" VPOS="2015" HPOS="859"/>
                  <String HEIGHT="54"
                          WIDTH="156"
                          VPOS="2015"
                          HPOS="800"
                          CONTENT="etc."/>
                  <SP HEIGHT="54" WIDTH="20" VPOS="2015" HPOS="956"/>
                  <String HEIGHT="54"
                          WIDTH="235"
                          VPOS="2015"
                          HPOS="898"
                          CONTENT="Fragment"/>
                  <SP HEIGHT="54" WIDTH="20" VPOS="2015" HPOS="1132"/>
                  <String HEIGHT="54"
                          WIDTH="156"
                          VPOS="2015"
                          HPOS="1074"
                          CONTENT="d’un"/>
                  <SP HEIGHT="54" WIDTH="20" VPOS="2015" HPOS="1230"/>
                  <String HEIGHT="54"
                          WIDTH="235"
                          VPOS="2015"
                          HPOS="1171"
                          CONTENT="prologue"/>
                  <SP HEIGHT="54" WIDTH="20" VPOS="2015" HPOS="1406"/>
                  <String HEIGHT="54"
                          WIDTH="117"
                          VPOS="2015"
                          HPOS="1328"
                          CONTENT="d’o"
                          SUBS_TYPE="HypPart1"
                          SUBS_CONTENT="d’opéra....;"/>
                  <HYP CONTENT="-"/>
               </TextLine>
               <TextLine ID="r1l39"
                         BASELINE="2115"
                         HEIGHT="54"
                         WIDTH="1361"
                         VPOS="2061"
                         HPOS="88">
                  <String HEIGHT="54"
                          WIDTH="264"
                          VPOS="2061"
                          HPOS="68"
                          CONTENT="péra....;"
                          SUBS_TYPE="HypPart2"
                          SUBS_CONTENT="d’opéra....;"/>
                  <SP HEIGHT="54" WIDTH="20" VPOS="2061" HPOS="332"/>
                  <String HEIGHT="54"
                          WIDTH="223"
                          VPOS="2061"
                          HPOS="271"
                          CONTENT="Préface"/>
                  <SP HEIGHT="54" WIDTH="20" VPOS="2061" HPOS="494"/>
                  <String HEIGHT="54"
                          WIDTH="163"
                          VPOS="2061"
                          HPOS="433"
                          CONTENT="pour"/>
                  <SP HEIGHT="54" WIDTH="20" VPOS="2061" HPOS="596"/>
                  <String HEIGHT="54" WIDTH="122" VPOS="2061" HPOS="535" CONTENT="la"/>
                  <SP HEIGHT="54" WIDTH="20" VPOS="2061" HPOS="657"/>
                  <String HEIGHT="54"
                          WIDTH="203"
                          VPOS="2061"
                          HPOS="596"
                          CONTENT="Satire"/>
                  <SP HEIGHT="54" WIDTH="20" VPOS="2061" HPOS="799"/>
                  <String HEIGHT="54"
                          WIDTH="163"
                          VPOS="2061"
                          HPOS="738"
                          CONTENT="XII;"/>
                  <SP HEIGHT="54" WIDTH="20" VPOS="2061" HPOS="901"/>
                  <String HEIGHT="54"
                          WIDTH="183"
                          VPOS="2061"
                          HPOS="840"
                          CONTENT="Notes"/>
                  <SP HEIGHT="54" WIDTH="20" VPOS="2061" HPOS="1022"/>
                  <String HEIGHT="54"
                          WIDTH="163"
                          VPOS="2061"
                          HPOS="961"
                          CONTENT="pour"/>
                  <SP HEIGHT="54" WIDTH="20" VPOS="2061" HPOS="1124"/>
                  <String HEIGHT="54"
                          WIDTH="366"
                          VPOS="2061"
                          HPOS="1063"
                          CONTENT="l’intelligence"/>
                  <SP HEIGHT="54" WIDTH="20" VPOS="2061" HPOS="1429"/>
                  <String HEIGHT="54"
                          WIDTH="102"
                          VPOS="2061"
                          HPOS="1347"
                          CONTENT="des"/>
               </TextLine>
               <TextLine ID="r1l40"
                         BASELINE="2155"
                         HEIGHT="49"
                         WIDTH="1326"
                         VPOS="2106"
                         HPOS="79">
                  <String HEIGHT="49"
                          WIDTH="187"
                          VPOS="2106"
                          HPOS="60"
                          CONTENT="œuvres"/>
                  <SP HEIGHT="49" WIDTH="19" VPOS="2106" HPOS="247"/>
                  <String HEIGHT="49"
                          WIDTH="224"
                          VPOS="2106"
                          HPOS="191"
                          CONTENT="diverses"/>
                  <SP HEIGHT="49" WIDTH="19" VPOS="2106" HPOS="415"/>
                  <String HEIGHT="49" WIDTH="112" VPOS="2106" HPOS="359" CONTENT="de"/>
                  <SP HEIGHT="49" WIDTH="19" VPOS="2106" HPOS="471"/>
                  <String HEIGHT="49"
                          WIDTH="261"
                          VPOS="2106"
                          HPOS="415"
                          CONTENT="Despréaux,"/>
                  <SP HEIGHT="49" WIDTH="19" VPOS="2106" HPOS="677"/>
                  <String HEIGHT="49"
                          WIDTH="131"
                          VPOS="2106"
                          HPOS="621"
                          CONTENT="sur"/>
                  <SP HEIGHT="49" WIDTH="19" VPOS="2106" HPOS="751"/>
                  <String HEIGHT="49" WIDTH="112" VPOS="2106" HPOS="695" CONTENT="la"/>
                  <SP HEIGHT="49" WIDTH="19" VPOS="2106" HPOS="807"/>
                  <String HEIGHT="49"
                          WIDTH="205"
                          VPOS="2106"
                          HPOS="751"
                          CONTENT="préface"/>
                  <SP HEIGHT="49" WIDTH="19" VPOS="2106" HPOS="957"/>
                  <String HEIGHT="49" WIDTH="112" VPOS="2106" HPOS="901" CONTENT="de"/>
                  <SP HEIGHT="49" WIDTH="19" VPOS="2106" HPOS="1013"/>
                  <String HEIGHT="49"
                          WIDTH="243"
                          VPOS="2106"
                          HPOS="957"
                          CONTENT="l’édition"/>
                  <SP HEIGHT="49" WIDTH="19" VPOS="2106" HPOS="1200"/>
                  <String HEIGHT="49"
                          WIDTH="149"
                          VPOS="2106"
                          HPOS="1144"
                          CONTENT="in-4"/>
                  <SP HEIGHT="49" WIDTH="19" VPOS="2106" HPOS="1293"/>
                  <String HEIGHT="49"
                          WIDTH="112"
                          VPOS="2106"
                          HPOS="1237"
                          CONTENT="de"/>
                  <SP HEIGHT="49" WIDTH="19" VPOS="2106" HPOS="1349"/>
                  <String HEIGHT="49"
                          WIDTH="131"
                          VPOS="2106"
                          HPOS="1274"
                          CONTENT="1701."/>
               </TextLine>
               <TextLine ID="r1l41"
                         BASELINE="2197"
                         HEIGHT="56"
                         WIDTH="1399"
                         VPOS="2141"
                         HPOS="46">
                  <String HEIGHT="56"
                          WIDTH="242"
                          VPOS="2141"
                          HPOS="27"
                          CONTENT="TROISIEME"/>
                  <SP HEIGHT="56" WIDTH="19" VPOS="2141" HPOS="270"/>
                  <String HEIGHT="56"
                          WIDTH="205"
                          VPOS="2141"
                          HPOS="214"
                          CONTENT="PARTIE,"/>
                  <SP HEIGHT="56" WIDTH="19" VPOS="2141" HPOS="419"/>
                  <String HEIGHT="56" WIDTH="112" VPOS="2141" HPOS="363" CONTENT="ou"/>
                  <SP HEIGHT="56" WIDTH="19" VPOS="2141" HPOS="475"/>
                  <String HEIGHT="56"
                          WIDTH="392"
                          VPOS="2141"
                          HPOS="419"
                          CONTENT="&lt;i&gt;Appendice&lt;/i&gt;."/>
                  <SP HEIGHT="56" WIDTH="19" VPOS="2141" HPOS="811"/>
                  <String HEIGHT="56" WIDTH="93" VPOS="2141" HPOS="755" CONTENT="—"/>
                  <SP HEIGHT="56" WIDTH="19" VPOS="2141" HPOS="848"/>
                  <String HEIGHT="56"
                          WIDTH="224"
                          VPOS="2141"
                          HPOS="792"
                          CONTENT="Mémoires"/>
                  <SP HEIGHT="56" WIDTH="19" VPOS="2141" HPOS="1016"/>
                  <String HEIGHT="56" WIDTH="112" VPOS="2141" HPOS="960" CONTENT="de"/>
                  <SP HEIGHT="56" WIDTH="19" VPOS="2141" HPOS="1072"/>
                  <String HEIGHT="56"
                          WIDTH="261"
                          VPOS="2141"
                          HPOS="1016"
                          CONTENT="Brossette,"/>
                  <SP HEIGHT="56" WIDTH="19" VPOS="2141" HPOS="1277"/>
                  <String HEIGHT="56"
                          WIDTH="131"
                          VPOS="2141"
                          HPOS="1221"
                          CONTENT="sur"/>
                  <SP HEIGHT="56" WIDTH="19" VPOS="2141" HPOS="1352"/>
                  <String HEIGHT="56"
                          WIDTH="168"
                          VPOS="2141"
                          HPOS="1277"
                          CONTENT="Boilean"/>
               </TextLine>
               <TextLine ID="r1l42"
                         BASELINE="2233"
                         HEIGHT="48"
                         WIDTH="1361"
                         VPOS="2185"
                         HPOS="84">
                  <String HEIGHT="48"
                          WIDTH="272"
                          VPOS="2185"
                          HPOS="65"
                          CONTENT="Despréaux,"/>
                  <SP HEIGHT="48" WIDTH="19" VPOS="2185" HPOS="337"/>
                  <String HEIGHT="48"
                          WIDTH="214"
                          VPOS="2185"
                          HPOS="278"
                          CONTENT="d’après"/>
                  <SP HEIGHT="48" WIDTH="19" VPOS="2185" HPOS="492"/>
                  <String HEIGHT="48"
                          WIDTH="136"
                          VPOS="2185"
                          HPOS="434"
                          CONTENT="les"/>
                  <SP HEIGHT="48" WIDTH="19" VPOS="2185" HPOS="570"/>
                  <String HEIGHT="48"
                          WIDTH="253"
                          VPOS="2185"
                          HPOS="512"
                          CONTENT="fragments"/>
                  <SP HEIGHT="48" WIDTH="19" VPOS="2185" HPOS="765"/>
                  <String HEIGHT="48"
                          WIDTH="253"
                          VPOS="2185"
                          HPOS="706"
                          CONTENT="originaux"/>
                  <SP HEIGHT="48" WIDTH="19" VPOS="2185" HPOS="959"/>
                  <String HEIGHT="48"
                          WIDTH="253"
                          VPOS="2185"
                          HPOS="901"
                          CONTENT="conservés"/>
                  <SP HEIGHT="48" WIDTH="19" VPOS="2185" HPOS="1153"/>
                  <String HEIGHT="48" WIDTH="97" VPOS="2185" HPOS="1095" CONTENT="à"/>
                  <SP HEIGHT="48" WIDTH="19" VPOS="2185" HPOS="1192"/>
                  <String HEIGHT="48"
                          WIDTH="117"
                          VPOS="2185"
                          HPOS="1134"
                          CONTENT="la"/>
                  <SP HEIGHT="48" WIDTH="19" VPOS="2185" HPOS="1251"/>
                  <String HEIGHT="48"
                          WIDTH="272"
                          VPOS="2185"
                          HPOS="1173"
                          CONTENT="Bibliothèque"/>
               </TextLine>
               <TextLine ID="r1l43"
                         BASELINE="2286"
                         HEIGHT="56"
                         WIDTH="1370"
                         VPOS="2230"
                         HPOS="81">
                  <String HEIGHT="56"
                          WIDTH="282"
                          VPOS="2230"
                          HPOS="61"
                          CONTENT="lmpériale."/>
                  <SP HEIGHT="56" WIDTH="20" VPOS="2230" HPOS="343"/>
                  <String HEIGHT="56" WIDTH="101" VPOS="2230" HPOS="282" CONTENT="—"/>
                  <SP HEIGHT="56" WIDTH="20" VPOS="2230" HPOS="383"/>
                  <String HEIGHT="56"
                          WIDTH="222"
                          VPOS="2230"
                          HPOS="323"
                          CONTENT="Lettres"/>
                  <SP HEIGHT="56" WIDTH="20" VPOS="2230" HPOS="544"/>
                  <String HEIGHT="56" WIDTH="121" VPOS="2230" HPOS="484" CONTENT="de"/>
                  <SP HEIGHT="56" WIDTH="20" VPOS="2230" HPOS="605"/>
                  <String HEIGHT="56" WIDTH="121" VPOS="2230" HPOS="544" CONTENT="M."/>
                  <SP HEIGHT="56" WIDTH="20" VPOS="2230" HPOS="665"/>
                  <String HEIGHT="56" WIDTH="121" VPOS="2230" HPOS="605" CONTENT="A."/>
                  <SP HEIGHT="56" WIDTH="20" VPOS="2230" HPOS="726"/>
                  <String HEIGHT="56"
                          WIDTH="262"
                          VPOS="2230"
                          HPOS="665"
                          CONTENT="Péricaud,"/>
                  <SP HEIGHT="56" WIDTH="20" VPOS="2230" HPOS="927"/>
                  <String HEIGHT="56" WIDTH="121" VPOS="2230" HPOS="867" CONTENT="et"/>
                  <SP HEIGHT="56" WIDTH="20" VPOS="2230" HPOS="988"/>
                  <String HEIGHT="56"
                          WIDTH="343"
                          VPOS="2230"
                          HPOS="927"
                          CONTENT="dissertation,"/>
                  <SP HEIGHT="56" WIDTH="20" VPOS="2230" HPOS="1270"/>
                  <String HEIGHT="56"
                          WIDTH="121"
                          VPOS="2230"
                          HPOS="1209"
                          CONTENT="au"/>
                  <SP HEIGHT="56" WIDTH="20" VPOS="2230" HPOS="1330"/>
                  <String HEIGHT="56"
                          WIDTH="181"
                          VPOS="2230"
                          HPOS="1270"
                          CONTENT="sujet"/>
                  <SP HEIGHT="56" WIDTH="20" VPOS="2230" HPOS="1451"/>
                  <String HEIGHT="56" WIDTH="81" VPOS="2230" HPOS="1370" CONTENT="de"/>
               </TextLine>
               <TextLine ID="r1l44"
                         BASELINE="2322"
                         HEIGHT="48"
                         WIDTH="1369"
                         VPOS="2274"
                         HPOS="84">
                  <String HEIGHT="48"
                          WIDTH="274"
                          VPOS="2274"
                          HPOS="64"
                          CONTENT="Brossette."/>
                  <SP HEIGHT="48" WIDTH="20" VPOS="2274" HPOS="338"/>
                  <String HEIGHT="48" WIDTH="98" VPOS="2274" HPOS="280" CONTENT="—"/>
                  <SP HEIGHT="48" WIDTH="20" VPOS="2274" HPOS="377"/>
                  <String HEIGHT="48"
                          WIDTH="176"
                          VPOS="2274"
                          HPOS="319"
                          CONTENT="Table"/>
                  <SP HEIGHT="48" WIDTH="20" VPOS="2274" HPOS="495"/>
                  <String HEIGHT="48"
                          WIDTH="274"
                          VPOS="2274"
                          HPOS="436"
                          CONTENT="analytique"/>
                  <SP HEIGHT="48" WIDTH="20" VPOS="2274" HPOS="710"/>
                  <String HEIGHT="48"
                          WIDTH="137"
                          VPOS="2274"
                          HPOS="651"
                          CONTENT="des"/>
                  <SP HEIGHT="48" WIDTH="20" VPOS="2274" HPOS="788"/>
                  <String HEIGHT="48"
                          WIDTH="176"
                          VPOS="2274"
                          HPOS="729"
                          CONTENT="noms,"/>
                  <SP HEIGHT="48" WIDTH="20" VPOS="2274" HPOS="905"/>
                  <String HEIGHT="48"
                          WIDTH="137"
                          VPOS="2274"
                          HPOS="847"
                          CONTENT="des"/>
                  <SP HEIGHT="48" WIDTH="20" VPOS="2274" HPOS="984"/>
                  <String HEIGHT="48"
                          WIDTH="196"
                          VPOS="2274"
                          HPOS="925"
                          CONTENT="lieux,"/>
                  <SP HEIGHT="48" WIDTH="20" VPOS="2274" HPOS="1121"/>
                  <String HEIGHT="48"
                          WIDTH="176"
                          VPOS="2274"
                          HPOS="1062"
                          CONTENT="etc.,"/>
                  <SP HEIGHT="48" WIDTH="20" VPOS="2274" HPOS="1238"/>
                  <String HEIGHT="48"
                          WIDTH="176"
                          VPOS="2274"
                          HPOS="1179"
                          CONTENT="cités"/>
                  <SP HEIGHT="48" WIDTH="20" VPOS="2274" HPOS="1355"/>
                  <String HEIGHT="48"
                          WIDTH="156"
                          VPOS="2274"
                          HPOS="1297"
                          CONTENT="dans"/>
                  <SP HEIGHT="48" WIDTH="20" VPOS="2274" HPOS="1453"/>
                  <String HEIGHT="48" WIDTH="78" VPOS="2274" HPOS="1375" CONTENT="la"/>
               </TextLine>
               <TextLine ID="r1l45"
                         BASELINE="2368"
                         HEIGHT="58"
                         WIDTH="1019"
                         VPOS="2310"
                         HPOS="77">
                  <String HEIGHT="58"
                          WIDTH="353"
                          VPOS="2310"
                          HPOS="57"
                          CONTENT="correspondance"/>
                  <SP HEIGHT="58" WIDTH="20" VPOS="2310" HPOS="410"/>
                  <String HEIGHT="58"
                          WIDTH="176"
                          VPOS="2310"
                          HPOS="351"
                          CONTENT="entre"/>
                  <SP HEIGHT="58" WIDTH="20" VPOS="2310" HPOS="528"/>
                  <String HEIGHT="58"
                          WIDTH="216"
                          VPOS="2310"
                          HPOS="469"
                          CONTENT="Boileau"/>
                  <SP HEIGHT="58" WIDTH="20" VPOS="2310" HPOS="684"/>
                  <String HEIGHT="58"
                          WIDTH="255"
                          VPOS="2310"
                          HPOS="626"
                          CONTENT="Despréaux"/>
                  <SP HEIGHT="58" WIDTH="20" VPOS="2310" HPOS="880"/>
                  <String HEIGHT="58" WIDTH="118" VPOS="2310" HPOS="822" CONTENT="et"/>
                  <SP HEIGHT="58" WIDTH="20" VPOS="2310" HPOS="939"/>
                  <String HEIGHT="58"
                          WIDTH="235"
                          VPOS="2310"
                          HPOS="861"
                          CONTENT="Brossette."/>
               </TextLine>
               <TextLine ID="r1l46"
                         BASELINE="2418"
                         HEIGHT="62"
                         WIDTH="462"
                         VPOS="2356"
                         HPOS="204">
                  <String HEIGHT="62"
                          WIDTH="166"
                          VPOS="2356"
                          HPOS="186"
                          CONTENT="Prix,"/>
                  <SP HEIGHT="62" WIDTH="18" VPOS="2356" HPOS="352"/>
                  <String HEIGHT="62"
                          WIDTH="185"
                          VPOS="2356"
                          HPOS="296"
                          CONTENT="papier"/>
                  <SP HEIGHT="62" WIDTH="18" VPOS="2356" HPOS="481"/>
                  <String HEIGHT="62"
                          WIDTH="166"
                          VPOS="2356"
                          HPOS="426"
                          CONTENT="carré"/>
                  <SP HEIGHT="62" WIDTH="18" VPOS="2356" HPOS="592"/>
                  <String HEIGHT="62"
                          WIDTH="148"
                          VPOS="2356"
                          HPOS="518"
                          CONTENT="vélin."/>
               </TextLine>
               <TextLine ID="r1l47"
                         BASELINE="2420"
                         HEIGHT="74"
                         WIDTH="116"
                         VPOS="2346"
                         HPOS="1303">
                  <String HEIGHT="74"
                          WIDTH="116"
                          VPOS="2346"
                          HPOS="1284"
                          CONTENT="10"/>
                  <SP HEIGHT="74" WIDTH="19" VPOS="2346" HPOS="1400"/>
                  <String HEIGHT="74"
                          WIDTH="97"
                          VPOS="2346"
                          HPOS="1322"
                          CONTENT="fr."/>
               </TextLine>
               <TextLine ID="r1l48"
                         BASELINE="2438"
                         HEIGHT="84"
                         WIDTH="581"
                         VPOS="2354"
                         HPOS="667">
                  <String HEIGHT="84"
                          WIDTH="254"
                          VPOS="2354"
                          HPOS="631"
                          CONTENT="666"/>
                  <SP HEIGHT="84" WIDTH="36" VPOS="2354" HPOS="885"/>
                  <String HEIGHT="84" WIDTH="145" VPOS="2354" HPOS="776" CONTENT=""/>
                  <SP HEIGHT="84" WIDTH="36" VPOS="2354" HPOS="921"/>
                  <String HEIGHT="84" WIDTH="182" VPOS="2354" HPOS="812" CONTENT="6"/>
                  <SP HEIGHT="84" WIDTH="36" VPOS="2354" HPOS="994"/>
                  <String HEIGHT="84" WIDTH="145" VPOS="2354" HPOS="885" CONTENT=""/>
                  <SP HEIGHT="84" WIDTH="36" VPOS="2354" HPOS="1030"/>
                  <String HEIGHT="84" WIDTH="145" VPOS="2354" HPOS="921" CONTENT=""/>
                  <SP HEIGHT="84" WIDTH="36" VPOS="2354" HPOS="1066"/>
                  <String HEIGHT="84" WIDTH="145" VPOS="2354" HPOS="958" CONTENT=""/>
                  <SP HEIGHT="84" WIDTH="36" VPOS="2354" HPOS="1103"/>
                  <String HEIGHT="84" WIDTH="182" VPOS="2354" HPOS="994" CONTENT="6"/>
                  <SP HEIGHT="84" WIDTH="36" VPOS="2354" HPOS="1175"/>
                  <String HEIGHT="84" WIDTH="182" VPOS="2354" HPOS="1066" CONTENT="6"/>
                  <SP HEIGHT="84" WIDTH="36" VPOS="2354" HPOS="1248"/>
                  <String HEIGHT="84" WIDTH="182" VPOS="2354" HPOS="1139" CONTENT="6"/>
                  <SP HEIGHT="84" WIDTH="36" VPOS="2354" HPOS="1321"/>
                  <String HEIGHT="84" WIDTH="73" VPOS="2354" HPOS="1175" CONTENT=""/>
               </TextLine>
               <TextLine ID="r1l49"
                         BASELINE="2465"
                         HEIGHT="60"
                         WIDTH="111"
                         VPOS="2405"
                         HPOS="1306">
                  <String HEIGHT="60"
                          WIDTH="111"
                          VPOS="2405"
                          HPOS="1288"
                          CONTENT="15"/>
                  <SP HEIGHT="60" WIDTH="19" VPOS="2405" HPOS="1399"/>
                  <String HEIGHT="60"
                          WIDTH="93"
                          VPOS="2405"
                          HPOS="1325"
                          CONTENT="fr."/>
               </TextLine>
               <TextLine ID="r1l50"
                         BASELINE="2462"
                         HEIGHT="40"
                         WIDTH="933"
                         VPOS="2422"
                         HPOS="308">
                  <String HEIGHT="40"
                          WIDTH="199"
                          VPOS="2422"
                          HPOS="288"
                          CONTENT="papier"/>
                  <SP HEIGHT="40" WIDTH="20" VPOS="2422" HPOS="487"/>
                  <String HEIGHT="40"
                          WIDTH="179"
                          VPOS="2422"
                          HPOS="427"
                          CONTENT="grand"/>
                  <SP HEIGHT="40" WIDTH="20" VPOS="2422" HPOS="606"/>
                  <String HEIGHT="40"
                          WIDTH="199"
                          VPOS="2422"
                          HPOS="546"
                          CONTENT="raisin"/>
                  <SP HEIGHT="40" WIDTH="20" VPOS="2422" HPOS="745"/>
                  <String HEIGHT="40"
                          WIDTH="218"
                          VPOS="2422"
                          HPOS="685"
                          CONTENT="vélin.."/>
                  <SP HEIGHT="40" WIDTH="20" VPOS="2422" HPOS="904"/>
                  <String HEIGHT="40" WIDTH="99" VPOS="2422" HPOS="844" CONTENT="."/>
                  <SP HEIGHT="40" WIDTH="20" VPOS="2422" HPOS="943"/>
                  <String HEIGHT="40" WIDTH="99" VPOS="2422" HPOS="884" CONTENT="."/>
                  <SP HEIGHT="40" WIDTH="20" VPOS="2422" HPOS="983"/>
                  <String HEIGHT="40" WIDTH="99" VPOS="2422" HPOS="923" CONTENT="."/>
                  <SP HEIGHT="40" WIDTH="20" VPOS="2422" HPOS="1023"/>
                  <String HEIGHT="40" WIDTH="99" VPOS="2422" HPOS="963" CONTENT="."/>
                  <SP HEIGHT="40" WIDTH="20" VPOS="2422" HPOS="1062"/>
                  <String HEIGHT="40" WIDTH="99" VPOS="2422" HPOS="1003" CONTENT="."/>
                  <SP HEIGHT="40" WIDTH="20" VPOS="2422" HPOS="1102"/>
                  <String HEIGHT="40" WIDTH="99" VPOS="2422" HPOS="1042" CONTENT="."/>
                  <SP HEIGHT="40" WIDTH="20" VPOS="2422" HPOS="1142"/>
                  <String HEIGHT="40" WIDTH="99" VPOS="2422" HPOS="1082" CONTENT="."/>
                  <SP HEIGHT="40" WIDTH="20" VPOS="2422" HPOS="1181"/>
                  <String HEIGHT="40" WIDTH="99" VPOS="2422" HPOS="1122" CONTENT="."/>
                  <SP HEIGHT="40" WIDTH="20" VPOS="2422" HPOS="1221"/>
                  <String HEIGHT="40" WIDTH="99" VPOS="2422" HPOS="1162" CONTENT="."/>
                  <SP HEIGHT="40" WIDTH="20" VPOS="2422" HPOS="1261"/>
                  <String HEIGHT="40" WIDTH="60" VPOS="2422" HPOS="1181" CONTENT="."/>
               </TextLine>
               <TextLine ID="r1l51"
                         BASELINE="2501"
                         HEIGHT="55"
                         WIDTH="59"
                         VPOS="2446"
                         HPOS="218">
                  <String HEIGHT="55" WIDTH="177" VPOS="2446" HPOS="100" CONTENT="—"/>
               </TextLine>
               <TextLine ID="r1l52"
                         BASELINE="2512"
                         HEIGHT="65"
                         WIDTH="492"
                         VPOS="2447"
                         HPOS="304">
                  <String HEIGHT="65"
                          WIDTH="189"
                          VPOS="2447"
                          HPOS="285"
                          CONTENT="papier"/>
                  <SP HEIGHT="65" WIDTH="19" VPOS="2447" HPOS="474"/>
                  <String HEIGHT="65"
                          WIDTH="170"
                          VPOS="2447"
                          HPOS="418"
                          CONTENT="grand"/>
                  <SP HEIGHT="65" WIDTH="19" VPOS="2447" HPOS="588"/>
                  <String HEIGHT="65"
                          WIDTH="189"
                          VPOS="2447"
                          HPOS="531"
                          CONTENT="raisin"/>
                  <SP HEIGHT="65" WIDTH="19" VPOS="2447" HPOS="720"/>
                  <String HEIGHT="65"
                          WIDTH="151"
                          VPOS="2447"
                          HPOS="645"
                          CONTENT="vergé."/>
               </TextLine>
               <TextLine ID="r1l53"
                         BASELINE="2519"
                         HEIGHT="71"
                         WIDTH="117"
                         VPOS="2448"
                         HPOS="1300">
                  <String HEIGHT="71"
                          WIDTH="117"
                          VPOS="2448"
                          HPOS="1281"
                          CONTENT="15"/>
                  <SP HEIGHT="71" WIDTH="20" VPOS="2448" HPOS="1398"/>
                  <String HEIGHT="71"
                          WIDTH="98"
                          VPOS="2448"
                          HPOS="1320"
                          CONTENT="fr."/>
               </TextLine>
               <TextLine ID="r1l54"
                         BASELINE="2515"
                         HEIGHT="60"
                         WIDTH="445"
                         VPOS="2455"
                         HPOS="798">
                  <String HEIGHT="60" WIDTH="124" VPOS="2455" HPOS="773" CONTENT="6"/>
                  <SP HEIGHT="60" WIDTH="25" VPOS="2455" HPOS="897"/>
                  <String HEIGHT="60" WIDTH="124" VPOS="2455" HPOS="823" CONTENT="6"/>
                  <SP HEIGHT="60" WIDTH="25" VPOS="2455" HPOS="946"/>
                  <String HEIGHT="60" WIDTH="148" VPOS="2455" HPOS="872" CONTENT="66"/>
                  <SP HEIGHT="60" WIDTH="25" VPOS="2455" HPOS="1021"/>
                  <String HEIGHT="60" WIDTH="124" VPOS="2455" HPOS="946" CONTENT="6"/>
                  <SP HEIGHT="60" WIDTH="25" VPOS="2455" HPOS="1070"/>
                  <String HEIGHT="60" WIDTH="124" VPOS="2455" HPOS="996" CONTENT="6"/>
                  <SP HEIGHT="60" WIDTH="25" VPOS="2455" HPOS="1119"/>
                  <String HEIGHT="60" WIDTH="124" VPOS="2455" HPOS="1045" CONTENT="6"/>
                  <SP HEIGHT="60" WIDTH="25" VPOS="2455" HPOS="1169"/>
                  <String HEIGHT="60" WIDTH="124" VPOS="2455" HPOS="1095" CONTENT="6"/>
                  <SP HEIGHT="60" WIDTH="25" VPOS="2455" HPOS="1218"/>
                  <String HEIGHT="60" WIDTH="124" VPOS="2455" HPOS="1144" CONTENT="6"/>
                  <SP HEIGHT="60" WIDTH="25" VPOS="2455" HPOS="1268"/>
                  <String HEIGHT="60" WIDTH="74" VPOS="2455" HPOS="1169" CONTENT="0"/>
               </TextLine>
               <TextLine ID="r1l55"
                         BASELINE="2545"
                         HEIGHT="51"
                         WIDTH="1046"
                         VPOS="2494"
                         HPOS="205">
                  <String HEIGHT="51" WIDTH="118" VPOS="2494" HPOS="185" CONTENT="Il"/>
                  <SP HEIGHT="51" WIDTH="20" VPOS="2494" HPOS="304"/>
                  <String HEIGHT="51" WIDTH="99" VPOS="2494" HPOS="244" CONTENT="a"/>
                  <SP HEIGHT="51" WIDTH="20" VPOS="2494" HPOS="343"/>
                  <String HEIGHT="51"
                          WIDTH="138"
                          VPOS="2494"
                          HPOS="284"
                          CONTENT="été"/>
                  <SP HEIGHT="51" WIDTH="20" VPOS="2494" HPOS="422"/>
                  <String HEIGHT="51"
                          WIDTH="158"
                          VPOS="2494"
                          HPOS="363"
                          CONTENT="tiré"/>
                  <SP HEIGHT="51" WIDTH="20" VPOS="2494" HPOS="521"/>
                  <String HEIGHT="51"
                          WIDTH="276"
                          VPOS="2494"
                          HPOS="462"
                          CONTENT="vingt-cinq"/>
                  <SP HEIGHT="51" WIDTH="20" VPOS="2494" HPOS="738"/>
                  <String HEIGHT="51"
                          WIDTH="296"
                          VPOS="2494"
                          HPOS="679"
                          CONTENT="exemplaires"/>
                  <SP HEIGHT="51" WIDTH="20" VPOS="2494" HPOS="975"/>
                  <String HEIGHT="51"
                          WIDTH="138"
                          VPOS="2494"
                          HPOS="915"
                          CONTENT="sur"/>
                  <SP HEIGHT="51" WIDTH="20" VPOS="2494" HPOS="1054"/>
                  <String HEIGHT="51"
                          WIDTH="197"
                          VPOS="2494"
                          HPOS="994"
                          CONTENT="papier"/>
                  <SP HEIGHT="51" WIDTH="20" VPOS="2494" HPOS="1192"/>
                  <String HEIGHT="51"
                          WIDTH="138"
                          VPOS="2494"
                          HPOS="1113"
                          CONTENT="grand"/>
               </TextLine>
               <TextLine ID="r1l56"
                         BASELINE="2610"
                         HEIGHT="64"
                         WIDTH="1171"
                         VPOS="2546"
                         HPOS="84">
                  <String HEIGHT="64"
                          WIDTH="183"
                          VPOS="2546"
                          HPOS="66"
                          CONTENT="raisin"/>
                  <SP HEIGHT="64" WIDTH="18" VPOS="2546" HPOS="249"/>
                  <String HEIGHT="64"
                          WIDTH="165"
                          VPOS="2546"
                          HPOS="194"
                          CONTENT="fort,"/>
                  <SP HEIGHT="64" WIDTH="18" VPOS="2546" HPOS="358"/>
                  <String HEIGHT="64"
                          WIDTH="183"
                          VPOS="2546"
                          HPOS="304"
                          CONTENT="vergé,"/>
                  <SP HEIGHT="64" WIDTH="18" VPOS="2546" HPOS="487"/>
                  <String HEIGHT="64"
                          WIDTH="256"
                          VPOS="2546"
                          HPOS="432"
                          CONTENT="numérotés,"/>
                  <SP HEIGHT="64" WIDTH="18" VPOS="2546" HPOS="688"/>
                  <String HEIGHT="64"
                          WIDTH="146"
                          VPOS="2546"
                          HPOS="633"
                          CONTENT="avec"/>
                  <SP HEIGHT="64" WIDTH="18" VPOS="2546" HPOS="779"/>
                  <String HEIGHT="64"
                          WIDTH="165"
                          VPOS="2546"
                          HPOS="724"
                          CONTENT="titre"/>
                  <SP HEIGHT="64" WIDTH="18" VPOS="2546" HPOS="889"/>
                  <String HEIGHT="64"
                          WIDTH="201"
                          VPOS="2546"
                          HPOS="834"
                          CONTENT="imprimé"/>
                  <SP HEIGHT="64" WIDTH="18" VPOS="2546" HPOS="1035"/>
                  <String HEIGHT="64"
                          WIDTH="146"
                          VPOS="2546"
                          HPOS="981"
                          CONTENT="noir"/>
                  <SP HEIGHT="64" WIDTH="18" VPOS="2546" HPOS="1127"/>
                  <String HEIGHT="64"
                          WIDTH="110"
                          VPOS="2546"
                          HPOS="1072"
                          CONTENT="et"/>
                  <SP HEIGHT="64" WIDTH="18" VPOS="2546" HPOS="1182"/>
                  <String HEIGHT="64"
                          WIDTH="146"
                          VPOS="2546"
                          HPOS="1109"
                          CONTENT="rouge,"/>
               </TextLine>
               <TextLine ID="r1l57"
                         BASELINE="2638"
                         HEIGHT="63"
                         WIDTH="116"
                         VPOS="2575"
                         HPOS="1305">
                  <String HEIGHT="63"
                          WIDTH="116"
                          VPOS="2575"
                          HPOS="1286"
                          CONTENT="30"/>
                  <SP HEIGHT="63" WIDTH="19" VPOS="2575" HPOS="1402"/>
                  <String HEIGHT="63"
                          WIDTH="97"
                          VPOS="2575"
                          HPOS="1324"
                          CONTENT="fr."/>
               </TextLine>
               <TextLine ID="r1l58"
                         BASELINE="2631"
                         HEIGHT="35"
                         WIDTH="1170"
                         VPOS="2596"
                         HPOS="75">
                  <String HEIGHT="35" WIDTH="163" VPOS="2596" HPOS="48" CONTENT="et"/>
                  <SP HEIGHT="35" WIDTH="27" VPOS="2596" HPOS="211"/>
                  <String HEIGHT="35"
                          WIDTH="272"
                          VPOS="2596"
                          HPOS="129"
                          CONTENT="collés"/>
                  <SP HEIGHT="35" WIDTH="27" VPOS="2596" HPOS="402"/>
                  <String HEIGHT="35"
                          WIDTH="245"
                          VPOS="2596"
                          HPOS="320"
                          CONTENT="après"/>
                  <SP HEIGHT="35" WIDTH="27" VPOS="2596" HPOS="565"/>
                  <String HEIGHT="35"
                          WIDTH="490"
                          VPOS="2596"
                          HPOS="483"
                          CONTENT="l’impression.."/>
                  <SP HEIGHT="35" WIDTH="27" VPOS="2596" HPOS="973"/>
                  <String HEIGHT="35" WIDTH="136" VPOS="2596" HPOS="891" CONTENT="."/>
                  <SP HEIGHT="35" WIDTH="27" VPOS="2596" HPOS="1027"/>
                  <String HEIGHT="35" WIDTH="136" VPOS="2596" HPOS="946" CONTENT="."/>
                  <SP HEIGHT="35" WIDTH="27" VPOS="2596" HPOS="1082"/>
                  <String HEIGHT="35" WIDTH="136" VPOS="2596" HPOS="1000" CONTENT="."/>
                  <SP HEIGHT="35" WIDTH="27" VPOS="2596" HPOS="1136"/>
                  <String HEIGHT="35" WIDTH="109" VPOS="2596" HPOS="1055" CONTENT=""/>
                  <SP HEIGHT="35" WIDTH="27" VPOS="2596" HPOS="1163"/>
                  <String HEIGHT="35" WIDTH="109" VPOS="2596" HPOS="1082" CONTENT=""/>
                  <SP HEIGHT="35" WIDTH="27" VPOS="2596" HPOS="1191"/>
                  <String HEIGHT="35" WIDTH="109" VPOS="2596" HPOS="1109" CONTENT=""/>
                  <SP HEIGHT="35" WIDTH="27" VPOS="2596" HPOS="1218"/>
                  <String HEIGHT="35" WIDTH="136" VPOS="2596" HPOS="1136" CONTENT="."/>
                  <SP HEIGHT="35" WIDTH="27" VPOS="2596" HPOS="1272"/>
                  <String HEIGHT="35" WIDTH="82" VPOS="2596" HPOS="1163" CONTENT="."/>
               </TextLine>
               <TextLine ID="r1l59"
                         BASELINE="2701"
                         HEIGHT="72"
                         WIDTH="1419"
                         VPOS="2629"
                         HPOS="31">
                  <String HEIGHT="72"
                          WIDTH="242"
                          VPOS="2629"
                          HPOS="14"
                          CONTENT="L’épitaphe"/>
                  <SP HEIGHT="72" WIDTH="17" VPOS="2629" HPOS="256"/>
                  <String HEIGHT="72" WIDTH="104" VPOS="2629" HPOS="204" CONTENT="de"/>
                  <SP HEIGHT="72" WIDTH="17" VPOS="2629" HPOS="308"/>
                  <String HEIGHT="72"
                          WIDTH="173"
                          VPOS="2629"
                          HPOS="256"
                          CONTENT="Racine"/>
                  <SP HEIGHT="72" WIDTH="17" VPOS="2629" HPOS="429"/>
                  <String HEIGHT="72"
                          WIDTH="121"
                          VPOS="2629"
                          HPOS="377"
                          CONTENT="par"/>
                  <SP HEIGHT="72" WIDTH="17" VPOS="2629" HPOS="498"/>
                  <String HEIGHT="72"
                          WIDTH="190"
                          VPOS="2629"
                          HPOS="446"
                          CONTENT="Boileau"/>
                  <SP HEIGHT="72" WIDTH="17" VPOS="2629" HPOS="637"/>
                  <String HEIGHT="72"
                          WIDTH="242"
                          VPOS="2629"
                          HPOS="585"
                          CONTENT="Despréaux,"/>
                  <SP HEIGHT="72" WIDTH="17" VPOS="2629" HPOS="827"/>
                  <String HEIGHT="72"
                          WIDTH="225"
                          VPOS="2629"
                          HPOS="775"
                          CONTENT="conservée"/>
                  <SP HEIGHT="72" WIDTH="17" VPOS="2629" HPOS="1000"/>
                  <String HEIGHT="72"
                          WIDTH="138"
                          VPOS="2629"
                          HPOS="948"
                          CONTENT="dans"/>
                  <SP HEIGHT="72" WIDTH="17" VPOS="2629" HPOS="1087"/>
                  <String HEIGHT="72"
                          WIDTH="208"
                          VPOS="2629"
                          HPOS="1035"
                          CONTENT="l’Eglise"/>
                  <SP HEIGHT="72" WIDTH="17" VPOS="2629" HPOS="1242"/>
                  <String HEIGHT="72"
                          WIDTH="277"
                          VPOS="2629"
                          HPOS="1173"
                          CONTENT="Saint"
                          SUBS_TYPE="HypPart1"
                          SUBS_CONTENT="Saintdu-Mont,"/>
                  <HYP CONTENT="-"/>
               </TextLine>
               <TextLine ID="r1l60"
                         BASELINE="2733"
                         HEIGHT="58"
                         WIDTH="1375"
                         VPOS="2675"
                         HPOS="72">
                  <String HEIGHT="58"
                          WIDTH="204"
                          VPOS="2675"
                          HPOS="55"
                          CONTENT="du-Mont,"
                          SUBS_TYPE="HypPart2"
                          SUBS_CONTENT="Saintdu-Mont,"/>
                  <SP HEIGHT="58" WIDTH="17" VPOS="2675" HPOS="259"/>
                  <String HEIGHT="58" WIDTH="102" VPOS="2675" HPOS="208" CONTENT="et"/>
                  <SP HEIGHT="58" WIDTH="17" VPOS="2675" HPOS="310"/>
                  <String HEIGHT="58"
                          WIDTH="238"
                          VPOS="2675"
                          HPOS="259"
                          CONTENT="reproduite"/>
                  <SP HEIGHT="58" WIDTH="17" VPOS="2675" HPOS="496"/>
                  <String HEIGHT="58"
                          WIDTH="136"
                          VPOS="2675"
                          HPOS="445"
                          CONTENT="dans"/>
                  <SP HEIGHT="58" WIDTH="17" VPOS="2675" HPOS="581"/>
                  <String HEIGHT="58" WIDTH="102" VPOS="2675" HPOS="530" CONTENT="ce"/>
                  <SP HEIGHT="58" WIDTH="17" VPOS="2675" HPOS="632"/>
                  <String HEIGHT="58"
                          WIDTH="187"
                          VPOS="2675"
                          HPOS="581"
                          CONTENT="volume,"/>
                  <SP HEIGHT="58" WIDTH="17" VPOS="2675" HPOS="768"/>
                  <String HEIGHT="58" WIDTH="85" VPOS="2675" HPOS="717" CONTENT="a"/>
                  <SP HEIGHT="58" WIDTH="17" VPOS="2675" HPOS="802"/>
                  <String HEIGHT="58"
                          WIDTH="119"
                          VPOS="2675"
                          HPOS="751"
                          CONTENT="été"/>
                  <SP HEIGHT="58" WIDTH="17" VPOS="2675" HPOS="870"/>
                  <String HEIGHT="58"
                          WIDTH="153"
                          VPOS="2675"
                          HPOS="819"
                          CONTENT="tirée"/>
                  <SP HEIGHT="58" WIDTH="17" VPOS="2675" HPOS="972"/>
                  <String HEIGHT="58" WIDTH="85" VPOS="2675" HPOS="921" CONTENT="à"/>
                  <SP HEIGHT="58" WIDTH="17" VPOS="2675" HPOS="1006"/>
                  <String HEIGHT="58"
                          WIDTH="153"
                          VPOS="2675"
                          HPOS="955"
                          CONTENT="part,"/>
                  <SP HEIGHT="58" WIDTH="17" VPOS="2675" HPOS="1107"/>
                  <String HEIGHT="58"
                          WIDTH="136"
                          VPOS="2675"
                          HPOS="1057"
                          CONTENT="pour"/>
                  <SP HEIGHT="58" WIDTH="17" VPOS="2675" HPOS="1192"/>
                  <String HEIGHT="58"
                          WIDTH="119"
                          VPOS="2675"
                          HPOS="1141"
                          CONTENT="les"/>
                  <SP HEIGHT="58" WIDTH="17" VPOS="2675" HPOS="1260"/>
                  <String HEIGHT="58"
                          WIDTH="153"
                          VPOS="2675"
                          HPOS="1209"
                          CONTENT="trois"/>
                  <SP HEIGHT="58" WIDTH="17" VPOS="2675" HPOS="1362"/>
                  <String HEIGHT="58"
                          WIDTH="153"
                          VPOS="2675"
                          HPOS="1294"
                          CONTENT="papiers"/>
               </TextLine>
               <TextLine ID="r1l61"
                         BASELINE="2775"
                         HEIGHT="68"
                         WIDTH="414"
                         VPOS="2707"
                         HPOS="72">
                  <String HEIGHT="68"
                          WIDTH="155"
                          VPOS="2707"
                          HPOS="55"
                          CONTENT="grand"/>
                  <SP HEIGHT="68" WIDTH="17" VPOS="2707" HPOS="210"/>
                  <String HEIGHT="68"
                          WIDTH="190"
                          VPOS="2707"
                          HPOS="158"
                          CONTENT="raisin,"/>
                  <SP HEIGHT="68" WIDTH="17" VPOS="2707" HPOS="348"/>
                  <String HEIGHT="68"
                          WIDTH="207"
                          VPOS="2707"
                          HPOS="279"
                          CONTENT="seulement."/>
               </TextLine>
               <TextLine ID="r1l62"
                         BASELINE="2867"
                         HEIGHT="70"
                         WIDTH="1009"
                         VPOS="2797"
                         HPOS="239">
                  <String HEIGHT="70"
                          WIDTH="171"
                          VPOS="2797"
                          HPOS="222"
                          CONTENT="Paris."/>
                  <SP HEIGHT="70" WIDTH="17" VPOS="2797" HPOS="393"/>
                  <String HEIGHT="70" WIDTH="86" VPOS="2797" HPOS="342" CONTENT="—"/>
                  <SP HEIGHT="70" WIDTH="17" VPOS="2797" HPOS="427"/>
                  <String HEIGHT="70"
                          WIDTH="257"
                          VPOS="2797"
                          HPOS="376"
                          CONTENT="Trpographie"/>
                  <SP HEIGHT="70" WIDTH="17" VPOS="2797" HPOS="632"/>
                  <String HEIGHT="70" WIDTH="103" VPOS="2797" HPOS="581" CONTENT="de"/>
                  <SP HEIGHT="70" WIDTH="17" VPOS="2797" HPOS="684"/>
                  <String HEIGHT="70"
                          WIDTH="188"
                          VPOS="2797"
                          HPOS="632"
                          CONTENT="Gaittet"/>
                  <SP HEIGHT="70" WIDTH="17" VPOS="2797" HPOS="820"/>
                  <String HEIGHT="70" WIDTH="103" VPOS="2797" HPOS="769" CONTENT="et"/>
                  <SP HEIGHT="70" WIDTH="17" VPOS="2797" HPOS="872"/>
                  <String HEIGHT="70"
                          WIDTH="137"
                          VPOS="2797"
                          HPOS="820"
                          CONTENT="Cie,"/>
                  <SP HEIGHT="70" WIDTH="17" VPOS="2797" HPOS="957"/>
                  <String HEIGHT="70"
                          WIDTH="120"
                          VPOS="2797"
                          HPOS="906"
                          CONTENT="rue"/>
                  <SP HEIGHT="70" WIDTH="17" VPOS="2797" HPOS="1026"/>
                  <String HEIGHT="70"
                          WIDTH="274"
                          VPOS="2797"
                          HPOS="974"
                          CONTENT="Git-le-Cœur,"/>
                  <SP HEIGHT="70" WIDTH="17" VPOS="2797" HPOS="1248"/>
                  <String HEIGHT="70" WIDTH="68" VPOS="2797" HPOS="1180" CONTENT="7."/>
               </TextLine>
            </TextBlock>
         </PrintSpace>
      </Page>
   </Layout>
</alto>
