1164 2243
505 3 83 60 —
555 3 83 60 6
572 3 50 60 —

148 55 226 60 Très-curieuse
334 55 146 60 lettre,
440 55 80 60 où
480 55 80 60 il
519 55 80 60 se
559 55 133 60 plaint
652 55 173 60 amèrement
785 55 93 60 des
838 55 173 60 officiers
971 55 80 60 de
997 55 93 60 santé

110 104 85 46 qui
158 104 158 46 protégent
280 104 121 46 une
365 104 146 46 jeunesse
474 104 121 46 riche,
559 104 158 46 insolente
681 104 73 46 et
705 104 170 46 rebelle

112 128 135 56 21953
202 128 164 56 DUMÉRIL
321 128 224 56 (Constant),
501 128 164 56 célèbre
620 128 164 56 médecin
740 128 90 56 et
785 128 209 56 anatomiste
949 128 150 56 membre
1039 128 60 56 de

113 177 154 44 l’Institut.
236 177 93 44 L.
298 177 62 44 a.
329 177 113 44 s.
411 177 93 44 1806,
473 177 51 44 1
493 177 62 44 p.
524 177 93 44 in-4.
586 177 51 44 2
596 177 31 44 »

121 200 123 65 21954
204 200 137 65 DUMONT
300 200 178 65 D’URVILLE
437 200 96 65 (J.
492 200 82 65 B.
533 200 110 65 C.),
601 200 247 65 contre-amiral,
807 200 165 65 illustre
917 200 178 65 navigateur,

124 262 89 41 jui
175 262 89 41 fit
226 262 115 41 trois
303 262 102 41 fois
367 262 77 41 le
405 262 102 41 tour
469 262 77 41 du
507 262 128 41 monde.
597 262 243 41 Instructions
801 262 217 41 particulières
967 262 128 41 pour

119 286 104 43 M.
189 286 69 43 le
224 286 162 43 commandant
351 286 69 43 de
385 286 69 43 la
420 286 162 43 Zélée
547 286 104 43 pièce
617 286 93 43 aut.
675 286 104 43 sig.;
744 286 58 43 à
767 286 93 43 bord
825 286 69 43 de
848 286 243 43 l'Astrolabe

116 316 79 46 13
155 316 106 46 août
222 316 119 46 1838,
301 316 66 46 1
327 316 79 46 p.
367 316 93 46 pl.
420 316 146 46 in-fol.
526 316 159 46 Document
645 316 106 46 fort
711 316 159 46 curieux.
830 316 66 46 6
843 316 40 46 »

121 344 129 75 21955
207 344 158 75 DUSAULX
321 344 158 75 (Jean),
436 344 158 75 érudit,
551 344 201 75 traducteur
709 344 86 75 de
752 344 172 75 Juvénal,
867 344 229 75 conventionnel,

122 397 121 45 membre
207 397 73 45 de
243 397 133 45 l’Acad.
340 397 85 45 des
389 397 158 45 inscript.
510 397 109 45 L.
583 397 73 45 a.
619 397 121 45 s.
704 397 61 45 à
728 397 133 45 Palloy;
825 397 121 45 Paris,
910 397 73 45 16
946 397 109 45 janv.
1007 397 85 45 1791,

125 439 45 51 4
143 439 54 51 p.
170 439 98 51 in-fol.
241 439 54 51 12
259 439 27 51 »

155 445 138 76 Lettre
252 445 97 76 des
307 445 111 76 plus
376 445 193 76 curieuses,
528 445 83 76 où
570 445 83 76 il
611 445 83 76 le
653 445 166 76 remercie
777 445 83 76 du
819 445 111 76 plan
888 445 83 76 de
929 445 83 76 la
957 445 138 76 Bastille

126 504 126 51 ju’il
210 504 126 51 vient
294 504 84 51 de
336 504 98 51 lui
392 504 168 51 envoyer.
518 504 126 51 «Quel
602 504 126 51 jour,
687 504 126 51 brave
771 504 140 51 homme,
869 504 98 51 que
925 504 84 51 ce
967 504 84 51 14
995 504 98 51 juil-

122 539 116 47 let,
194 539 116 47 qui,
266 539 246 47 sur-le-champ,
468 539 144 47 servit
569 539 188 47 d’époque!
714 539 87 47 au
757 539 159 47 premier
873 539 116 47 coup
945 539 87 47 de
974 539 130 47 tocsin,

118 577 116 44 nous
191 577 175 44 sortimes
322 577 116 44 tous
395 577 87 44 de
438 577 131 44 notre
526 577 204 44 léthargie!
686 577 116 44 Vous
758 577 87 44 le
802 577 247 44 rappelez-vous
991 577 102 44 bien,

119 610 92 40 ce
165 610 123 40 jour
241 610 291 40 d’enthousiasme,
486 610 92 40 de
532 610 184 40 terreurs
670 610 92 40 et
716 610 92 40 de
762 610 168 40 larmes,
885 610 123 40 mais
961 610 138 40 enfin
1038 610 61 40 de

120 633 159 45 triomphe
239 633 79 45 et
278 633 79 45 de
318 633 198 45 gloire?...»
477 633 119 45 Après
556 633 119 45 cette
635 633 132 45 sortie
728 633 198 45 patriotique
886 633 79 45 il
926 633 145 45 retrace
1019 633 79 45 lon-

121 675 164 44 guement
240 675 104 44 les
300 675 149 44 titres
404 675 89 44 de
448 675 149 44 Palloy
553 675 74 44 à
582 675 89 44 la
627 675 268 44 reconnaissance
850 675 193 44 publique:
999 675 104 44 sur
1043 675 60 44 sa

128 709 124 36 ombe,
211 709 124 36 faite
293 709 82 36 en
334 709 124 36 forme
417 709 82 36 de
458 709 165 36 bastille
581 709 69 36 à
609 709 137 36 moitié
705 709 178 36 détruite,
842 709 82 36 on
883 709 110 36 doit
952 709 137 36 graver
1034 709 69 36 une

127 740 165 50 épitaphe
251 740 96 50 qui
306 740 82 50 se
347 740 137 50 trouve
443 740 110 50 dans
511 740 82 50 la
552 740 151 50 lettre.
662 740 110 50 Puis
731 740 151 50 Dusaulx
840 740 151 50 termine
950 740 82 50 en
978 740 123 50 signant

124 765 123 52 ainsi:
210 765 185 52 Dusaulx,
358 765 111 52 frère
432 765 74 52 du
469 765 74 52 14
506 765 136 52 juillet
605 765 111 52 1789,
679 765 74 52 et
716 765 86 52 qui
766 765 74 52 en
803 765 173 52 conservera
939 765 86 52 les
976 765 123 52 sen

131 802 153 58 iments
249 802 130 58 jusqu’à
344 802 83 58 son
391 802 130 58 dernier
474 802 153 58 soupir

129 835 115 55 21956
206 835 128 55 FABERT
295 835 179 55 (Abraham),
435 835 153 55 illustre
550 835 153 55 maréchal
665 835 77 55 de
703 835 140 55 France.
806 835 115 55 L.
882 835 128 55 a.
971 835 64 55 à
984 835 115 55 Arnauld

125 877 172 53 d’Andilly;
260 877 62 53 2
285 877 86 53 mai
334 877 111 53 1660,
408 877 62 53 1
432 877 74 53 p.
469 877 86 53 1/2
519 877 111 53 in-4.
592 877 74 53 15
617 877 37 53 »

144 920 233 39 Intéressante
333 920 145 39 lettre
435 920 102 39 sur
493 920 102 39 les
552 920 174 39 affaires
682 920 87 39 de
726 920 189 39 l’époque,
871 920 87 39 le
915 920 189 39 Danemark,
1046 920 58 39 le

120 945 220 48 Brandebourg,
299 945 82 48 la
340 945 137 48 guerre
436 945 165 48 projetée
560 945 137 48 contre
656 945 96 48 les
711 945 137 48 Turcs.
808 945 82 48 Il
849 945 96 48 lui
904 945 165 48 témoigne
1014 945 96 48 aussi

122 991 81 33 de
162 991 81 33 la
203 991 108 33 joie
270 991 122 33 qu’il
351 991 68 33 a
378 991 176 33 ressentie
513 991 81 33 du
554 991 149 33 mariage
662 991 81 33 de
702 991 81 33 M.
743 991 176 33 d’Andilly
878 991 162 33 (Arnauld
999 991 81 33 de
1026 991 81 33 Pom-

132 1019 153 45 onne).
239 1019 107 45 «Le
300 1019 138 45 choix
392 1019 107 45 que
453 1019 123 45 vous
530 1019 123 45 avez
607 1019 123 45 fait
683 1019 92 45 ne
729 1019 123 45 peut
806 1019 138 45 estre
898 1019 107 45 que
959 1019 123 45 bon.
1020 1019 92 45 Vous

121 1043 123 52 savez
204 1043 82 52 qu
245 1043 82 52 en
286 1043 123 52 cette
368 1043 151 52 affaire
478 1043 82 52 la
519 1043 164 52 personne
642 1043 96 52 est
697 1043 82 52 ce
738 1043 123 52 qu’on
820 1043 123 52 doibt
902 1043 192 52 concidérer
1039 1043 69 52 par

135 1084 193 42 référence
284 1084 74 42 à
298 1084 119 42 tout.»

128 1107 124 69 21957
211 1107 124 69 FAVRE
294 1107 194 69 (Antoine),
446 1107 166 69 illustre
571 1107 235 69 jurisconsulte
764 1107 180 69 savoyard,
903 1107 83 69 né
944 1107 69 69 à
958 1107 152 69 Bourg-

138 1153 122 50 Gresse.
227 1153 100 50 P.
294 1153 122 50 s.
382 1153 133 50 Chambéry
483 1153 100 50 1621,
549 1153 56 50 1
571 1153 67 50 p.
605 1153 100 50 in-4.
672 1153 56 50 3
683 1153 33 50 »

136 1168 93 69 21958
198 1168 93 69 FÉVAL
259 1168 113 69 (Paul),
342 1168 113 69 célèbre
424 1168 144 69 romancier.
538 1168 93 69 P.
600 1168 113 69 s.
682 1168 83 69 sig.
734 1168 93 69 aussi
796 1168 62 69 de
827 1168 144 69 Charles
930 1168 103 69 Les

130 1227 172 54 seps;
270 1227 108 54 Paris,
345 1227 65 54 22
378 1227 86 54 août
431 1227 97 54 1845,
496 1227 54 54 1
517 1227 65 54 p.
550 1227 97 54 in-4.
614 1227 54 54 4
625 1227 43 54 50

158 1240 140 62 Traité
256 1240 98 62 par
312 1240 140 62 lequel
411 1240 112 62 Paul
481 1240 126 62 Féval
565 1240 112 62 vend
635 1240 70 62 à
664 1240 84 62 M.
706 1240 154 62 Charles
818 1240 169 62 Lesseps,
944 1240 112 62 pour
1015 1240 84 62 le
1043 1240 70 62 pu-

133 1293 118 54 blier
211 1293 105 54 dans
277 1293 78 54 le
316 1293 183 54 feuilleton
460 1293 78 54 de
499 1293 196 54 l'Esprit
656 1293 196 54 public
812 1293 78 54 un
852 1293 118 54 roman
930 1293 78 54 en
969 1293 65 54 2
982 1293 131 54 volumes,

136 1332 158 47 intitulé:
257 1332 182 47 Fontaine
403 1332 85 47 aux
451 1332 182 47 perles
597 1332 73 47 Le
634 1332 97 47 prix
694 1332 85 47 est
743 1332 97 47 fixé
803 1332 61 47 à
828 1332 97 47 4000
876 1332 61 47 fr.

134 1365 120 55 21959
214 1365 174 55 FLAMSTEED
347 1365 147 55 (John),
454 1365 160 55 illustre
575 1365 174 55 astronome
708 1365 160 55 anglais,
828 1365 120 55 connu
909 1365 94 55 par
962 1365 94 55 ses
1002 1365 107 55 débats

127 1401 109 49 avec
195 1401 149 49 Newton.
304 1401 136 49 Quitt.
399 1401 109 49 aut.
467 1401 122 49 sig.;
549 1401 122 49 1696,
630 1401 68 49 1
657 1401 82 49 p.
698 1401 109 49 in-8
766 1401 149 49 oblong.
875 1401 217 49 Rare
1051 1401 82 49 12
1078 1401 41 49 »

132 1441 124 44 21960
215 1441 152 44 FLAXMAN
326 1441 152 44 (John),
436 1441 83 44 un
478 1441 97 44 des
533 1441 111 44 plus
602 1441 166 44 célèbres
727 1441 194 44 sculpteurs
879 1441 83 44 de
907 1441 207 44 l’Angleterre,

133 1479 110 37 connu
206 1479 86 37 par
255 1479 86 37 les
304 1479 134 37 dessins
402 1479 110 37 qu’il
475 1479 86 37 fit
524 1479 98 37 pour
585 1479 159 37 illustrer
707 1479 122 37 Homère
792 1479 73 37 et
829 1479 122 37 Dante.
915 1479 110 37 L.
988 1479 73 37 a.
1012 1479 98 37 s.

129 1508 59 47 à
153 1508 71 47 M.
188 1508 82 47 Ch.
235 1508 129 47 Taylor.
329 1508 71 47 29
364 1508 94 47 mars
423 1508 106 47 1811,
494 1508 59 47 1
517 1508 71 47 p.
552 1508 82 47 pl.
599 1508 106 47 in-4.
670 1508 247 47 Très-rare
881 1508 71 47 25
905 1508 35 47 »

169 1537 203 58 Très-belle
328 1537 159 58 lettre,
444 1537 174 58 relative
574 1537 101 58 aux
632 1537 188 58 peintures
777 1537 203 58 présentées
937 1537 72 58 à
951 1537 174 58 l’Académie

130 1571 144 60 royale
230 1571 115 60 pour
302 1571 101 60 une
346 1571 187 60 exposition.

136 1623 121 47 21961
216 1623 134 47 GAMBEY
310 1623 94 47 (H.
364 1623 107 47 P.),
431 1623 134 47 savant
525 1623 174 47 ingénieur
659 1623 201 47 mécanicien,
820 1623 134 47 membre
914 1623 81 47 de
941 1623 174 47 l’Institut.

140 1654 96 43 L.
204 1654 64 43 a.
236 1654 117 43 s.
321 1654 96 43 1816,
385 1654 53 43 1
407 1654 64 43 p.
439 1654 96 43 in-4.
502 1654 149 43 Très-belle
620 1654 117 43 lettre.
705 1654 53 43 2
715 1654 43 43 25

142 1679 117 55 21962
220 1679 143 55 GAVARNI
325 1679 91 55 (S.
377 1679 78 55 P.
416 1679 183 55 CHEVALIER,
559 1679 117 55 dit),
637 1679 117 55 notre
716 1679 143 55 célèbre
820 1679 196 55 dessinateur
977 1679 78 55 et
1003 1679 117 55 carica-

145 1727 128 54 turiste.
241 1727 96 54 P.
305 1727 117 54 s.
391 1727 85 54 sig.
444 1727 96 54 aussi
508 1727 75 54 par
551 1727 75 54 MM.
593 1727 149 54 Hetzel,
711 1727 149 54 Pelvey
828 1727 64 54 et
860 1727 213 54 Blanchard
1031 1727 85 54 Paris,

142 1760 75 47 27
180 1760 101 47 mars
243 1760 113 47 1855,
318 1760 63 47 1
344 1760 75 47 p.
381 1760 113 47 in-4.
457 1760 63 47 6
469 1760 38 47 »

166 1778 158 54 Gavarni
281 1778 187 54 s’engage,
424 1778 115 54 pour
496 1778 216 54 s’acquitter
669 1778 129 54 d’une
755 1778 129 54 dette
841 1778 144 54 envers
942 1778 86 54 M.
985 1778 158 54 Hetzel,
1086 1778 43 54 à

140 1823 102 47 lui
199 1823 160 47 fournir
315 1823 102 47 dix
373 1823 160 47 dessins
489 1823 102 47 par
547 1823 116 47 mois
619 1823 116 47 pour
692 1823 87 47 un
735 1823 160 47 ouvrage
851 1823 102 47 qui
909 1823 116 47 sera
967 1823 160 47 intitulé:

143 1867 102 42 Les
214 1867 82 42 gens
265 1867 61 42 de
286 1867 122 42 Paris

154 1883 86 77 21963
212 1883 96 77 GÉRARD
279 1883 67 77 (le
317 1883 86 77 baron
374 1883 86 77 Fr.),
432 1883 115 77 illustre
518 1883 105 77 peintre
595 1883 144 77 d’histoire,
709 1883 96 77 membre
776 1883 57 77 de
795 1883 77 77 l’Ins-

148 1936 111 49 titut.
226 1936 100 49 L.
292 1936 67 49 a.
326 1936 122 49 s.
415 1936 67 49 25
448 1936 156 49 septembre,
571 1936 78 49 3/4
615 1936 67 49 de
648 1936 67 49 p.
682 1936 100 49 in-4.
749 1936 56 49 3
760 1936 33 49 »

153 1967 108 51 21964
225 1967 120 51 GÉRARD
309 1967 144 51 (Jules),
418 1967 72 51 le
454 1967 132 51 célèbre
550 1967 108 51 tueur
622 1967 72 51 de
658 1967 120 51 lions.
742 1967 108 51 L.
814 1967 72 51 a.
850 1967 120 51 s.
935 1967 60 51 à
959 1967 72 51 M.
983 1967 144 51 Lemercier;

145 2010 124 47 Paris,
231 2010 74 47 19
268 2010 99 47 juin
330 2010 111 47 1854,
404 2010 87 47 1/2
454 2010 74 47 p.
491 2010 111 47 in-8.
565 2010 62 47 3
578 2010 49 47 50

127 2053 87 46 Il
170 2053 159 46 annonce
286 2053 130 46 qu’il
373 2053 130 46 vient
460 2053 87 46 de
503 2053 159 46 traiter
619 2053 116 46 avec
691 2053 87 46 la
735 2053 188 46 Librairie
880 2053 174 46 nouvelle
1010 2053 116 46 pour
1068 2053 58 46 la

46 2087 183 47 propriété
186 2087 84 47 de
229 2087 84 47 sa
271 2087 183 47 Chasse
411 2087 98 47 aux
453 2087 169 47 lions

49 2119 90 57 21965
109 2119 100 57 GÉRARD
179 2119 60 57 DE
209 2119 100 57 NERVAL
279 2119 110 57 (Gérard
359 2119 130 57 LABRUNIE,
458 2119 90 57 dit),
518 2119 110 57 célèbre
598 2119 150 57 littérateur
708 2119 40 57 et
