1137 2221
497 21 95 59 —
535 21 95 59 7
554 21 57 59 —

264 68 160 70 romancier.
390 68 103 70 Pièce
458 68 69 70 de
493 68 92 70 vers
550 68 92 70 aut.
607 68 103 70 sig.,
676 68 57 70 1
699 68 69 70 p.
733 68 92 70 in-4
790 68 126 70 oblong.
882 68 103 70 Belle
951 68 103 70 pièce
1008 68 80 70 d’al-

113 118 54 52 bum.
147 118 108 52 Rare
235 118 41 52 12
249 118 20 52 »

231 148 98 48 «Il
287 148 98 48 est
343 148 84 48 un
385 148 98 48 air
441 148 112 48 pour
512 148 98 48 qui
568 148 84 48 je
596 148 154 48 donnerais

234 186 113 49 Tout
304 186 169 49 Rossini,
431 186 113 49 tout
501 186 141 49 Mozart
600 186 84 49 et
642 186 113 49 tout
698 186 113 49 Weber,

233 226 83 41 Un
275 226 97 41 air
330 226 208 41 très-vieux,
497 226 208 41 languissant
663 226 83 41 et
691 226 139 41 funèbre;

229 258 103 41 Qui
288 258 118 41 pour
362 258 103 41 moi
421 258 118 41 seul
495 258 74 41 à
524 258 103 41 des
583 258 162 41 charmes
687 258 162 41 secrets!»

108 318 118 50 21966
187 318 131 50 GIRARD
278 318 171 50 (Philippe
410 318 105 50 de),
475 318 79 50 le
515 318 144 50 célèbre
620 318 171 50 inventeur
751 318 79 50 de
790 318 79 50 la
830 318 144 50 machine
935 318 66 50 à
961 318 118 50 filer
1027 318 52 50 le

105 359 107 44 lin,
171 359 80 44 né
211 359 67 44 à
238 359 173 44 Lourmarin
371 359 200 44 (Vaucluse).
531 359 120 44 L.
611 359 80 44 a.
651 359 133 44 s.
745 359 80 44 (à
785 359 80 44 M.
825 359 160 44 Molard);
931 359 147 44 Varsovie,

110 398 62 50 30
141 398 83 50 juin
193 398 94 50 1840,
255 398 52 50 2
276 398 62 50 p.
307 398 73 50 1/2
349 398 94 50 in-4.
412 398 167 50 Rare
547 398 62 50 20
568 398 31 50 »

393 424 98 58 Superbe
464 424 98 58 lettre.
536 424 45 58 —
554 424 53 58 Il
580 424 89 58 espère
643 424 98 58 bientôt
714 424 80 58 faire
767 424 53 58 un
794 424 89 58 voyage
857 424 53 58 en
883 424 98 58 France.
946 424 62 58 «J’ai

100 460 125 49 fait,
183 460 152 49 dit-il,
294 460 111 49 dans
363 460 97 49 mes
419 460 152 49 lettres
529 460 83 49 au
571 460 97 49 roi
626 460 83 49 et
668 460 97 49 aux
723 460 180 49 ministres
862 460 97 49 les
903 460 180 49 corrections

103 497 104 47 que
162 497 119 47 vous
237 497 119 47 avez
311 497 193 47 indiquées
459 497 119 47 dans
533 497 104 47 les
593 497 178 47 passages
726 497 89 47 où
771 497 89 47 je
815 497 89 47 me
860 497 193 47 plaignais
993 497 89 47 avec

105 536 114 38 trop
176 536 199 38 d’amertume
332 536 85 38 de
375 536 185 38 l’abandon
516 536 85 38 de
559 536 85 38 la
587 536 256 38 Restauration...»

114 562 108 50 21967
186 562 229 50 GIRODET-TRIOSON
379 562 84 50 (A.
427 562 72 50 L.
463 562 132 50 GIRODET
560 562 72 50 DE
596 562 132 50 ROUSSY,
692 562 108 50 dit),
764 562 145 50 illustre
861 562 108 50 peintre

117 603 164 44 d’histoire,
248 603 109 44 membre
325 603 66 44 de
357 603 164 44 l’Institut.
488 603 98 44 L.
554 603 66 44 a.
587 603 109 44 s.
663 603 55 44 à
685 603 66 44 M.
718 603 240 44 Chaillou-Potrelle;
915 603 76 44 1820,

110 640 48 46 1
129 640 57 46 p.
157 640 86 46 in-8.
214 640 48 46 3
224 640 29 46 »

118 666 85 51 21968
174 666 94 51 INGRES
240 666 66 51 (J.
278 666 75 51 Aug.
325 666 94 51 Dom.),
391 666 113 51 illustre
476 666 104 51 peintre
551 666 141 51 d’histoire,
665 666 94 51 membre
731 666 57 51 de
750 666 75 51 l’Ins-

112 703 105 51 titut.
186 703 95 51 L.
250 703 63 51 a.
281 703 116 51 s.
365 703 105 51 Paris,
439 703 63 51 20
471 703 74 51 mai
513 703 95 51 1841,
576 703 53 51 1
597 703 63 51 p.
629 703 95 51 in-4.
692 703 63 51 10
713 703 32 51 »

138 735 103 58 Belle
206 735 114 58 lettre
286 735 69 58 de
321 735 206 58 recommandation
492 735 69 58 en
527 735 114 58 faveur
607 735 69 58 de
641 735 69 58 M.
675 735 103 58 Lego,
744 735 160 58 secrétaire
858 735 46 58 de

101 780 213 45 l’Académie
268 780 91 45 de
314 780 152 45 France
420 780 76 45 à
436 780 107 45 Rome.

103 806 102 59 21969
171 806 136 59 JACQUARD
272 806 79 59 (J.
318 806 102 59 Cl.),
385 806 68 59 le
419 806 124 59 célèbre
510 806 147 59 inventeur
623 806 68 59 du
657 806 113 59 métier
736 806 57 59 à
759 806 113 59 tisser
838 806 79 59 qui
872 806 79 59 porte

104 846 73 49 son
145 846 84 49 nom,
198 846 63 49 né
229 846 52 49 à
250 846 94 49 Lyon.
312 846 94 49 P.
375 846 115 49 s.
458 846 52 49 2
479 846 63 49 p.
511 846 73 49 3/4
552 846 115 49 in-fol.
636 846 219 49 Très-rare
824 846 63 49 15
845 846 31 49 »

143 879 108 53 ièce
211 879 81 53 du
252 879 108 53 plus
319 879 108 53 haut
387 879 162 53 intérêt,
509 879 81 53 où
550 879 81 53 il
590 879 135 53 relate
685 879 135 53 toutes
780 879 95 53 ses
834 879 190 53 inventions
983 879 81 53 et
1010 879 81 53 fait

109 922 227 42 l’historique
293 922 85 42 de
335 922 99 42 ses
392 922 156 42 travaux
505 922 142 42 depuis
605 922 127 42 1809.
689 922 85 42 Il
732 922 170 42 explique
859 922 85 42 le
902 922 184 42 mécanisme
1029 922 57 42 du

102 954 140 51 métier
200 954 98 51 qui
256 954 126 51 porte
340 954 98 51 son
396 954 112 51 nom.
466 954 154 51 Détails
578 954 112 51 fort
634 954 140 51 curieux.

105 981 123 56 21970
188 981 137 56 JOANNY
283 981 96 56 (J.
338 981 82 56 B.
379 981 219 56 BRISSEBARRE,
558 981 123 56 dit),
640 981 151 56 célèbre
749 981 192 56 tragédien,
900 981 192 56 successeur
1037 981 55 56 de

106 1025 114 44 Talma
182 1025 76 44 au
220 1025 266 44 Théâtre-Français.
448 1025 114 44 L.
524 1025 76 44 a.
562 1025 127 44 s.
651 1025 63 44 à
676 1025 76 44 M.
714 1025 152 44 Raymond;
828 1025 177 44 Bruxelles,
967 1025 76 44 15
992 1025 89 44 févr.

113 1063 99 47 1818,
179 1063 55 47 1
201 1063 66 47 p.
234 1063 77 47 1/4
279 1063 99 47 in-4.
345 1063 55 47 2
356 1063 44 47 50

146 1092 208 42 Intéressante
315 1092 143 42 lettre,
419 1092 78 42 où
458 1092 78 42 il
497 1092 104 42 fixe
562 1092 91 42 les
614 1092 182 42 conditions
756 1092 182 42 auxquelles
899 1092 78 42 il
938 1092 117 42 irait
1003 1092 78 42 don-

114 1133 98 38 ier
170 1133 98 38 des
226 1133 266 38 représentations
449 1133 70 38 à
477 1133 112 38 Metz
547 1133 84 38 et
589 1133 70 38 à
603 1133 112 38 Nancy.

117 1166 102 41 21971
185 1166 91 41 KOCK
241 1166 102 41 (Paul
309 1166 91 41 de),
366 1166 68 41 un
400 1166 68 41 de
434 1166 79 41 nos
479 1166 91 41 plus
536 1166 125 41 féconds
626 1166 170 41 romanciers.
762 1166 102 41 L.
830 1166 68 41 a.
864 1166 125 41 s.
954 1166 57 41 1
966 1166 45 41 p.

115 1197 99 51 in-8.
181 1197 132 51 Relative
281 1197 55 51 à
303 1197 66 51 sa
336 1197 99 51 pièce
402 1197 99 51 la
468 1197 243 51 Bourguignonne
678 1197 55 51 2
689 1197 44 51 50

116 1232 110 47 21972
189 1232 159 47 LAFAYETTE
312 1232 147 47 (MOTIER,
422 1232 86 47 mis
471 1232 98 47 de),
532 1232 147 47 illustre
642 1232 135 47 général
740 1232 73 47 et
777 1232 135 47 député.
875 1232 110 47 L.
948 1232 73 47 a.
985 1232 122 47 s.
1058 1232 37 47 à

112 1266 76 54 M.
150 1266 153 54 Guillard
265 1266 204 54 Senainville;
431 1266 166 54 Lagrange,
558 1266 76 54 12
596 1266 102 54 déc.
660 1266 115 54 1825,
736 1266 89 54 1/4
787 1266 76 54 de
825 1266 76 54 p.
864 1266 115 54 in-4.
940 1266 64 54 3
953 1266 38 54 »

109 1305 118 46 21973
187 1305 144 46 LALANDE
292 1305 92 46 (J.
344 1305 78 46 J.
384 1305 78 46 LE
423 1305 157 46 FRANÇAIS
541 1305 105 46 de),
606 1305 157 46 illustre
724 1305 183 46 astronome,
868 1305 131 46 membre
959 1305 78 46 de
985 1305 105 46 l’Ins-

119 1351 106 44 titut.
194 1351 95 44 L.
257 1351 64 44 a.
289 1351 117 44 s.
374 1351 53 44 3
395 1351 95 44 janv.
458 1351 95 44 1786,
522 1351 53 44 1
543 1351 64 44 p.
575 1351 95 44 in-4.
638 1351 95 44 Jolie
702 1351 117 44 lettre.
787 1351 53 44 4
797 1351 32 44 »

108 1368 108 59 21974
180 1368 156 59 LAMENNAIS
299 1368 84 59 (F.
347 1368 72 59 M.
383 1368 96 59 de),
443 1368 72 59 un
479 1368 84 59 des
527 1368 96 59 plus
587 1368 120 59 grands
670 1368 156 59 écrivains
790 1368 72 59 de
826 1368 72 59 ce
862 1368 132 59 siècle.
945 1368 144 59 L.

112 1425 172 41 a.
247 1425 98 41 sig.
309 1425 74 41 F.
346 1425 86 41 L.,
395 1425 62 41 à
419 1425 74 41 M.
456 1425 160 41 Pagnerre;
579 1425 62 41 5
604 1425 98 41 mars
665 1425 135 41 (1845),
764 1425 62 41 1
789 1425 74 41 p.
825 1425 86 41 1/2
875 1425 111 41 in-8.
948 1425 62 41 3
961 1425 49 41 25

152 1442 129 43 urieuse
246 1442 117 43 épître
328 1442 82 43 sur
375 1442 82 43 son
422 1442 129 43 édition
516 1442 153 43 illustrée
634 1442 70 43 de
669 1442 282 43 l'Imitation,
916 1442 106 43 qu’il
975 1442 117 43 voudrait

107 1487 169 43 terminer
220 1487 141 43 bientôt.

117 1511 103 61 21975
185 1511 91 61 LAMI
242 1511 149 61 (Eugène),
357 1511 126 61 peintre
448 1511 160 61 d’histoire
574 1511 160 61 distingué.
699 1511 103 61 L.
768 1511 69 61 a.
802 1511 126 61 s.
894 1511 103 61 1847,
962 1511 57 61 1
985 1511 69 61 p.
1008 1511 80 61 in

1017 1551 35 46 1
1024 1551 28 46 75

109 1588 108 52 21976
181 1588 156 52 LAPÉROUSE
301 1588 84 52 (J.
349 1588 72 52 F.
386 1588 120 52 GALAUP
470 1588 96 52 de),
530 1588 168 52 l’illustre
662 1588 72 52 et
698 1588 156 52 infortuné
818 1588 180 52 navigateur.
951 1588 132 52 P.

116 1625 97 52 a.
181 1625 118 52 s.
267 1625 107 52 Brest,
342 1625 54 52 à
363 1625 86 52 bord
417 1625 64 52 de
449 1625 97 52 la
514 1625 172 52 Boussole
653 1625 129 52 (frégate
750 1625 75 52 sur
793 1625 129 52 laquelle
890 1625 64 52 il
922 1625 75 52 fit
954 1625 129 52 naufrage),

110 1668 75 43 18
148 1668 125 43 juill.
236 1668 113 43 1785,
311 1668 63 43 1
336 1668 75 43 p.
374 1668 100 43 in-8
437 1668 138 43 oblong.
537 1668 63 43 6
549 1668 38 43 »

114 1691 118 56 21977
193 1691 132 56 LARREY
285 1691 92 56 (le
337 1691 118 56 baron
416 1691 79 56 J.
456 1691 132 56 Dom.),
548 1691 158 56 illustre
666 1691 184 56 chirurgien
811 1691 79 56 de
850 1691 145 56 l’armée
942 1691 145 56 d’Égypte,

108 1731 124 51 membre
195 1731 75 51 de
232 1731 187 51 l’Institut.
381 1731 112 51 L.
456 1731 75 51 a.
493 1731 124 51 s.
580 1731 75 51 au
617 1731 99 51 cit.
680 1731 187 51 Villemanzi;
829 1731 137 51 (1792),
928 1731 62 51 1
953 1731 75 51 p.
978 1731 112 51 in

1004 1757 95 52 5
1023 1757 76 52 50

135 1767 153 79 Superbe
247 1767 153 79 lettre,
358 1767 84 79 où
400 1767 140 79 Larrey
498 1767 126 79 donne
582 1767 98 79 ses
637 1767 126 79 états
721 1767 84 79 de
763 1767 153 79 service
861 1767 167 79 détaillés.

114 1828 124 55 21978
197 1828 192 55 LAVALLIÈRE
348 1828 289 55 (Louise-Françoise
595 1828 82 55 de
636 1828 82 55 LA
678 1828 124 55 BAUME
760 1828 82 55 LE
801 1828 137 55 BLANC,
898 1828 165 55 duchesse
1008 1828 82 55 de),

116 1862 72 58 la
152 1862 132 58 célèbre
248 1862 156 58 maîtresse
367 1862 72 58 de
403 1862 108 58 Louis
475 1862 96 58 XIV,
535 1862 108 58 L.
607 1862 132 58 a.
702 1862 96 58 sig.
762 1862 72 58 Sr
798 1862 120 58 Louise
882 1862 72 58 de
918 1862 72 58 la
941 1862 144 58 Misér

113 1894 213 59 corde
289 1894 63 59 à
314 1894 75 59 M.
352 1894 100 59 ...;
414 1894 63 59 2
439 1894 163 59 décembre,
565 1894 63 59 2
590 1894 75 59 p.
627 1894 88 59 3/4
678 1894 113 59 in-4.
753 1894 113 59 Pièce
828 1894 175 59 précieuse.
966 1894 88 59 180
1003 1894 38 59 »

147 1929 174 56 Charmante
281 1929 148 56 épître,
388 1929 80 56 où
428 1929 107 56 elle
495 1929 80 56 le
536 1929 161 56 remercie
656 1929 80 56 de
697 1929 80 56 la
737 1929 134 56 lettre
831 1929 121 56 qu’il
911 1929 67 56 a
938 1929 80 56 eu
978 1929 80 56 la
1005 1929 94 56 bonté

116 1967 127 47 d’écrire
212 1967 64 47 au
243 1967 116 47 premier
328 1967 138 47 président
434 1967 64 47 de
466 1967 64 47 la
498 1967 85 47 Cour
550 1967 74 47 des
593 1967 106 47 aides.
667 1967 64 47 Il
699 1967 64 47 ne
730 1967 127 47 convient
815 1967 53 47 pas

116 2007 57 47 à
138 2007 92 47 leur
196 2007 92 47 état
253 2007 69 47 de
288 2007 149 47 l’ennuyer
402 2007 80 47 par
448 2007 69 47 de
483 2007 103 47 longs
551 2007 184 47 compliments,
700 2007 92 47 mais
758 2007 69 47 ce
792 2007 80 47 qui
827 2007 34 47 y

121 2043 133 38 conviens,
223 2043 133 38 dit-elle,
326 2043 72 38 est
367 2043 62 38 de
398 2043 103 38 santir
470 2043 72 38 les
511 2043 92 38 biens
572 2043 92 38 qu’on
634 2043 82 38 nous
685 2043 82 38 fait
737 2043 62 38 et
767 2043 103 38 d’aler
829 2043 41 38 au

129 2064 89 49 ieds
184 2064 66 49 de
218 2064 111 49 Nostre
295 2064 133 49 Seigneur
395 2064 177 49 Jésus-Christ
539 2064 133 49 répandre
638 2064 78 49 son
683 2064 89 49 cœur
738 2064 66 49 en
760 2064 100 49 actions

116 2100 64 53 de
148 2100 95 53 grâce
212 2100 64 53 de
244 2100 106 53 celles
318 2100 74 53 qui
360 2100 85 53 vous
413 2100 85 53 fait
466 2100 74 53 par
509 2100 64 53 sa
540 2100 95 53 bonté
604 2100 64 53 en
636 2100 85 53 vous
689 2100 117 53 donnant
774 2100 74 53 les
805 2100 64 53 ver-

114 2132 101 60 tus
171 2132 173 60 vrayment
286 2132 259 60 chrestiennes...»
