1158 2206
599 31 29 35 —
611 31 29 35 5
623 31 29 35 —

122 84 159 41 moments
237 84 87 41 de
281 84 130 41 notre
368 84 188 41 infortuné
513 84 145 41 maître
614 84 87 41 et
658 84 116 41 roi,
730 84 116 41 mais
803 84 174 41 aussitôt
933 84 101 41 mon
977 84 130 41 arrivée

119 115 77 55 à
149 115 154 55 Vienne
257 115 92 55 je
303 115 277 55 m’empresserai,
533 115 200 55 Monsieur,
687 115 92 55 de
733 115 123 55 vous
810 115 92 55 en
856 115 138 55 faire
948 115 154 55 passer
1041 115 61 55 un

108 154 241 49 exemplaire...»

384 166 88 63 21940
443 166 107 63 COTUGNO
521 166 107 63 (Dom.),
599 166 58 63 un
628 166 68 63 des
667 166 78 63 plus
715 166 107 63 savants
793 166 117 63 médecins
881 166 117 63 italiens
969 166 58 63 de
998 166 68 63 son
1027 166 78 63 temps.

378 222 85 55 L.
434 222 57 55 a.
463 222 104 55 s.
539 222 104 55 Naples,
615 222 57 55 20
643 222 76 55 déc.
691 222 85 55 1768,
748 222 47 55 3
766 222 57 55 p.
795 222 85 55 in-4.
852 222 133 55 Très-belle
956 222 57 55 et
975 222 133 55 intéressante

135 255 100 48 lettre
205 255 171 48 scientifique.
346 255 50 48 6
356 255 30 48 »

134 277 86 72 21941
192 277 86 72 COURT
249 277 57 72 DE
278 277 105 72 GÉBELIN
354 277 134 72 (Antoine),
459 277 57 72 le
488 277 105 72 célèbre
565 277 96 72 auteur
631 277 57 72 du
660 277 115 72 Monde
737 277 143 72 primitif

128 329 89 50 L.
187 329 59 50 a.
217 329 109 50 s.
296 329 59 50 15
326 329 79 50 juin
375 329 89 50 1782,
435 329 49 50 2
455 329 59 50 p.
484 329 89 50 in-4.
544 329 49 50 4
553 329 40 50 50

160 343 175 64 Très-belle
297 343 138 64 lettre,
397 343 75 64 où
435 343 75 64 il
472 343 113 64 parle
547 343 75 64 de
585 343 163 64 l’ouvrage
710 343 75 64 de
747 343 125 64 Hardt:
835 343 150 64 Jonas
947 343 75 64 in
972 343 125 64 luce

122 392 80 56 et
162 392 80 56 du
201 392 80 56 9e
241 392 133 56 volume
334 392 80 56 de
374 392 93 56 son
427 392 159 56 Monde
547 392 226 56 primitif
733 392 93 56 qui
786 392 93 56 lui
839 392 66 56 a
866 392 120 56 coûté
946 392 159 56 beaucoup
1052 392 53 56 de

117 433 99 45 peine.

124 456 130 58 21942
210 456 159 58 COUTHON
326 456 188 58 (George),
470 456 159 58 célèbre
586 456 260 58 conventionnel,
803 456 173 58 décapité
933 456 116 58 avec
990 456 116 58 Robes-

131 510 133 37 ierre.
224 510 133 37 Projet
317 510 80 37 de
357 510 133 37 lettre
450 510 160 37 autogr.,
570 510 106 37 avec
636 510 146 37 ratures
743 510 80 37 et
783 510 213 37 corrections,
956 510 67 37 à
982 510 93 37 ses
1022 510 80 37 con-

125 537 175 49 citoyens
257 537 88 49 du
300 537 233 49 Puy-de-Dôme;
490 537 88 49 22
534 537 117 49 juin
607 537 161 49 (1793),
724 537 73 49 2
753 537 88 49 p.
797 537 102 49 1/2
855 537 161 49 in-fol.
957 537 146 49 Document

126 573 136 57 historique.
235 573 54 57 32
253 573 27 57 »

156 605 83 55 Il
198 605 111 55 leur
267 605 125 55 parle
351 605 97 55 des
406 605 195 55 événements
559 605 83 55 de
601 605 125 55 Paris
684 605 97 55 (la
740 605 153 55 journée
851 605 83 55 du
893 605 83 55 31
934 605 111 55 mai)
1004 605 83 55 et
1032 605 69 55 des

122 640 176 49 adresses
255 640 103 49 des
313 640 147 49 divers
416 640 235 49 départements
607 640 132 49 entre
695 640 147 49 autres
798 640 88 49 de
842 640 147 49 celles
945 640 88 49 de
975 640 132 49 l’Eure,

120 669 83 48 qui
167 669 59 48 a
191 669 71 48 vu
227 669 118 48 naître
309 669 71 48 le
345 669 95 48 faux
404 669 213 48 Pétion
582 669 71 48 et
617 669 71 48 de
652 669 71 48 la
688 669 130 48 Meurthe
783 669 95 48 pays
842 669 71 48 de
877 669 213 48 Salles
1043 669 59 48 que

134 713 82 46 on
175 713 110 46 sait
244 713 123 46 avoir
326 713 96 46 agi
381 713 110 46 pour
450 713 82 46 la
491 713 192 46 coalition.
642 713 82 46 Il
683 713 96 46 n’y
738 713 69 46 a
765 713 96 46 que
820 713 96 46 les
875 713 219 46 départements
1039 713 69 46 des

128 735 152 58 snard,
234 735 107 58 des
295 735 213 58 Barbaroux,
463 735 107 58 des
524 735 198 58 Lasource,
676 735 107 58 des
737 735 152 58 Buzot,
843 735 107 58 des
904 735 198 58 Vergniaud
1041 735 61 58 et

132 771 91 54 autres
195 771 100 54 infâmes
268 771 163 54 conspirateurs,
404 771 64 54 qui
440 771 127 54 résistent.
540 771 45 54 —
558 771 82 54 Après
613 771 64 54 une
649 771 91 54 sortie
704 771 54 54 vio-

125 801 127 58 lente
209 801 141 58 contre
308 801 98 58 les
364 801 155 58 ennemis
476 801 84 58 de
519 801 84 58 la
561 801 155 58 patrie,
673 801 84 58 il
715 801 155 58 ajoute:
828 801 112 58 «Les
898 801 169 58 monstres
1011 801 98 58 accu-

120 841 138 41 saient
217 841 83 41 la
258 841 166 41 Montagne
382 841 83 41 et
424 841 97 41 ils
479 841 166 41 savaient
603 841 110 41 bien
672 841 97 41 que
727 841 152 41 c’était
838 841 97 41 une
893 841 179 41 calomnie,
1017 841 83 41 mais

128 868 69 52 il
162 868 58 52 y
185 868 104 52 avait
254 868 58 52 à
277 868 69 52 la
312 868 138 52 Montagne
415 868 69 52 un
450 868 184 52 Marat
599 868 69 52 et
634 868 138 52 quelques
737 868 115 52 autres
818 868 138 52 êtres
921 868 92 52 vils
979 868 69 52 et
1002 868 104 52 mé

130 902 249 46 prisables
341 902 87 46 qui
391 902 100 46 leur
453 902 212 46 fournissaient
628 902 75 46 le
665 902 149 46 prétexte
777 902 75 46 de
815 902 100 46 nous
877 902 149 46 diffamer
989 902 112 46 tous,
1051 902 50 46 et

122 948 95 34 ils
177 948 82 34 en
218 948 204 34 profitaient
381 948 231 34 habilement...
571 948 82 34 Je
612 948 109 34 n’ai
680 948 136 34 jamais
775 948 82 34 vu
816 948 82 34 de
857 948 109 34 plan
925 948 109 34 dans
993 948 82 34 la
1020 948 82 34 Mon-

122 970 143 41 tagne,
222 970 86 41 et
264 970 86 41 si
307 970 100 41 j’y
364 970 86 41 en
407 970 128 41 eusse
493 970 171 41 remarqué
621 970 100 41 un,
678 970 86 41 le
721 970 157 41 premier
835 970 228 41 dénonciateur
1020 970 86 41 de
1049 970 57 41 la

126 1014 170 31 Montagne
254 1014 99 31 eut
310 1014 99 31 été
367 1014 99 31 moi
424 1014 85 31 et
467 1014 85 31 je
509 1014 156 31 l’eusse
623 1014 185 31 poursuivi
765 1014 114 31 avec
822 1014 241 31 acharnement...»

129 1034 119 52 21943
208 1034 146 52 CUSTINE
314 1034 119 52 (Adam
394 1034 119 52 Ph.),
473 1034 146 52 célèbre
579 1034 146 52 général
685 1034 80 52 en
725 1034 106 52 chef
791 1034 93 52 des
844 1034 133 52 armées
937 1034 80 52 de
977 1034 80 52 la
1003 1034 93 52 Répu-

128 1071 130 66 blique,
222 1071 141 66 décapité
328 1071 71 66 en
364 1071 106 66 1793.
435 1071 106 66 P.
505 1071 71 66 a.
541 1071 130 66 s.
635 1071 118 66 (Spire
717 1071 118 66 1792),
800 1071 82 66 1/2
847 1071 71 66 p.
882 1071 106 66 in-4.
941 1071 165 66 Rare

1024 1108 43 31 6
1033 1108 26 31 »

157 1129 90 60 Bon
208 1129 102 60 pour
272 1129 77 60 34
311 1129 166 60 habits
439 1129 256 60 autrichiens
656 1129 64 60 2
682 1129 128 60 shakos
771 1129 77 60 et
810 1129 77 60 25
848 1129 154 60 culottes
963 1129 90 60 que
1014 1129 77 60 le
1040 1129 64 60 gé-

126 1174 127 55 néral
211 1174 141 55 permet
310 1174 198 55 d’employer
465 1174 113 55 pour
536 1174 170 55 habiller
663 1174 113 55 ceux
734 1174 85 55 de
776 1174 99 55 ses
832 1174 155 55 soldats
946 1174 99 55 qui
1002 1174 85 55 en
1030 1174 71 55 ont

125 1209 83 51 le
167 1209 110 51 plus
236 1209 152 51 besoin.
346 1209 69 51 —
373 1209 166 51 Document
498 1209 152 51 curieux
608 1209 110 51 pour
677 1209 193 51 l’histoire
829 1209 83 51 de
856 1209 152 51 l’époque.

135 1250 87 48 21944
193 1250 58 48 LE
222 1250 87 48 MÊME.
280 1250 87 48 L.
338 1250 58 48 a.
367 1250 97 48 s.
435 1250 48 48 à
454 1250 58 48 M.
483 1250 77 48 ...;
531 1250 193 48 quartier-général
695 1250 58 48 de
724 1250 97 48 Spire,
792 1250 48 48 4
811 1250 77 48 oct.
849 1250 68 48 1792,

144 1287 60 53 1/2
179 1287 51 53 p.
204 1287 77 53 in-4.
255 1287 136 53 Rare
366 1287 43 53 6
374 1287 26 53 »

163 1314 126 64 Ordre
247 1314 84 64 de
289 1314 126 64 faire
373 1314 154 64 revenir
485 1314 84 64 de
527 1314 140 64 Landau
625 1314 112 64 «une
694 1314 154 64 voiture
806 1314 154 64 chargée
918 1314 84 64 de
960 1314 140 64 shakos
1044 1314 56 64 et

121 1353 86 50 de
164 1353 172 50 casquets
292 1353 215 50 autrichiens
464 1353 100 50 qui
522 1353 72 50 y
550 1353 72 50 a
579 1353 100 50 été
636 1353 157 50 envoyée
751 1353 100 50 par
808 1353 100 50 vos
851 1353 143 50 ordres.»

123 1371 117 73 21945
201 1371 117 73 DEBAY
278 1371 91 73 (J.
330 1371 78 73 B.
369 1371 104 73 J.),
434 1371 129 73 habile
524 1371 181 73 sculpteur,
667 1371 129 73 auteur
757 1371 78 73 de
796 1371 78 73 la
835 1371 129 73 statue
926 1371 78 73 de
952 1371 155 73 Cambronne,

128 1431 66 49 né
161 1431 55 49 à
183 1431 121 49 Nantes.
271 1431 99 49 L.
338 1431 66 49 a.
371 1431 121 49 s.
459 1431 99 49 1861,
525 1431 55 49 1
547 1431 66 49 p.
580 1431 99 49 in-8.
646 1431 99 49 Jolie
713 1431 110 49 pièce.
790 1431 55 49 2
801 1431 44 49 50

127 1457 114 66 21946
204 1457 165 66 DELACROIX
331 1457 165 66 (Eugène),
458 1457 153 66 illustre
572 1457 140 66 peintre
674 1457 191 66 d’histoire,
826 1457 127 66 membre
915 1457 76 66 de
941 1457 165 66 l’Institut.

126 1512 101 49 L.
193 1512 67 49 a.
226 1512 123 49 s.
316 1512 78 49 1er
360 1512 101 49 janv.
427 1512 101 49 1857,
494 1512 56 49 1
517 1512 67 49 p.
550 1512 78 49 1/2
595 1512 101 49 in-8.
662 1512 156 49 Très-jolie
785 1512 123 49 lettre.
874 1512 56 49 3
885 1512 45 49 50

125 1548 114 53 21947
201 1548 127 53 DESAIX
290 1548 89 53 (L.
341 1548 89 53 Ch.
392 1548 101 53 A.),
455 1548 152 53 illustre
569 1548 140 53 général
671 1548 76 53 en
709 1548 114 53 chef,
785 1548 89 53 tué
836 1548 63 53 à
861 1548 76 53 la
899 1548 152 53 bataille
1013 1548 76 53 de
1039 1548 63 53 Ma-

124 1580 129 52 rengo.
214 1580 116 52 L.
292 1580 77 52 a.
331 1580 129 52 s.
421 1580 77 52 au
460 1580 142 52 général
563 1580 142 52 Friant;
666 1580 77 52 le
705 1580 129 52 Caire,
795 1580 65 52 8
821 1580 155 52 brumaire
937 1580 77 52 an
976 1580 103 52 VII,
1040 1580 65 52 1
1053 1580 52 52 p.

137 1624 59 52 in-4.
177 1624 105 52 Rare
262 1624 39 52 28
275 1624 20 52 »

156 1640 124 65 Jolie
239 1640 151 65 lettre.
349 1640 96 65 «Je
404 1640 124 65 vois,
486 1640 96 65 mon
541 1640 165 65 général,
665 1640 96 65 que
720 1640 110 65 vous
789 1640 138 65 faites
885 1640 179 65 merveille
1023 1640 83 65 et
1050 1640 55 65 je

134 1685 105 51 vous
200 1685 79 51 en
239 1685 171 51 félicite:
371 1685 118 51 votre
450 1685 158 51 activité
568 1685 92 51 est
621 1685 171 51 admirable
753 1685 79 51 et
792 1685 92 51 j’y
845 1685 184 51 applaudis.
976 1685 132 51 J’espère

133 1720 100 55 que
190 1720 172 55 l’Egypte
319 1720 201 55 supérieure
477 1720 172 55 fournira
606 1720 115 55 tout
678 1720 86 55 ce
721 1720 129 55 qu’on
807 1720 158 55 voudra,
907 1720 201 55 c’est

134 1762 187 49 beaucoup:
277 1762 86 49 on
320 1762 86 49 en
363 1762 72 49 a
378 1762 172 49 besoin...»

133 1769 91 77 21948
194 1769 81 77 DIAZ
244 1769 91 77 (N.),
305 1769 112 77 célèbre
387 1769 112 77 peintre
468 1769 61 77 de
498 1769 101 77 genre.
569 1769 91 77 L.
630 1769 61 77 a.
660 1769 112 77 s.
742 1769 51 77 1
762 1769 61 77 p.
792 1769 91 77 in-8.
853 1769 51 77 2
863 1769 41 77 50

132 1822 97 63 21949
197 1822 119 63 DICKENS
283 1822 151 63 (Charles),
402 1822 65 63 le
435 1822 119 63 célèbre
521 1822 140 63 romancier
629 1822 130 63 anglais.
726 1822 97 63 L.
791 1822 65 63 a.
824 1822 119 63 s.
910 1822 97 63 1841,
975 1822 54 63 1
986 1822 43 63 p.

135 1873 76 44 pl.
179 1873 98 44 in-8.
244 1873 98 44 Jolie
310 1873 109 44 pièce.
386 1873 55 44 6
397 1873 33 44 »

139 1896 120 68 21950
219 1896 107 68 DODE
286 1896 80 68 DE
326 1896 80 68 LA
366 1896 161 68 BRUNERIE
487 1896 174 68 (Guill.),
620 1896 161 68 maréchal
741 1896 80 68 de
781 1896 147 68 France,
888 1896 80 68 né
928 1896 80 68 en
955 1896 147 68 Dauphiné.

132 1943 94 49 L.
194 1943 63 49 a.
226 1943 115 49 s.
309 1943 94 49 1817,
372 1943 52 49 1
393 1943 63 49 p.
424 1943 115 49 in-fol.
507 1943 94 49 Belle
570 1943 104 49 pièce.
643 1943 52 49 3
654 1943 31 49 »

131 1973 110 58 21951
204 1973 123 58 DONNET
290 1973 86 58 (le
339 1973 147 58 cardinal
449 1973 184 58 Ferdinand),
596 1973 172 58 archevêque
731 1973 74 58 de
768 1973 159 58 Bordeaux.
890 1973 110 58 L.
964 1973 74 58 a.
1001 1973 123 58 s.
1074 1973 37 58 à

131 2013 79 50 M.
170 2013 158 50 Théodore
289 2013 131 50 Ducos;
380 2013 158 50 Bordeaux
499 2013 118 50 1843,
578 2013 66 50 2
604 2013 79 50 p.
643 2013 92 50 1/2
696 2013 118 50 in-8.
775 2013 118 50 Belle
853 2013 145 50 lettre.
958 2013 66 50 3
972 2013 39 50 »

133 2050 118 56 21952
211 2050 131 56 DOPPET
303 2050 118 56 (Fois
381 2050 157 56 Amédée),
499 2050 157 56 médecin,
617 2050 144 56 général
722 2050 78 56 en
761 2050 105 56 chef
826 2050 131 56 chargé
918 2050 92 56 des
970 2050 131 56 sièges
1049 2050 52 56 de

135 2093 106 54 Lyon
201 2093 79 54 et
241 2093 79 54 de
280 2093 145 54 Toulon,
386 2093 132 54 auteur
478 2093 79 54 de
518 2093 212 54 Mémoires.
690 2093 79 54 L.
730 2093 79 54 a.
769 2093 145 54 s.
875 2093 132 54 Nancy,
968 2093 79 54 10
994 2093 119 54 ventôse

127 2132 65 49 an
160 2132 76 49 IV,
203 2132 54 49 4
225 2132 65 49 p.
257 2132 130 49 in-fol.,
355 2132 87 49 tête
409 2132 98 49 impr.
475 2132 65 49 et
507 2132 87 49 vig.
561 2132 174 49 Rare
703 2132 54 49 7
713 2132 33 49 »
