1168 2236
560 25 43 53 —
578 25 43 53 2
586 25 26 53 —

139 65 69 73 «
167 65 221 73 Intéressante
346 65 152 73 lettre,
456 65 83 73 où
498 65 83 73 il
539 65 124 73 parle
622 65 97 73 des
677 65 152 73 travaux
787 65 83 73 de
829 65 138 73 Ménage
925 65 83 73 et
966 65 97 73 des
1008 65 110 73 siens,

134 127 82 51 et
175 127 122 51 donne
257 127 95 51 des
311 127 177 51 nouvelles
434 127 190 51 littéraires.

133 146 116 70 21907
211 146 194 70 BEAUHARNAIS
365 146 168 70 (Eugène),
494 146 155 70 vice-roi
611 146 168 70 d’Italie.
740 146 116 70 P.
817 146 129 70 s.
907 146 116 70 comme
972 146 142 70 capitaine

144 208 87 38 des
193 208 161 38 chasseurs
317 208 74 38 de
354 208 74 38 la
391 208 111 38 garde
465 208 185 38 consulaire,
613 208 99 38 sig.
675 208 111 38 aussi
749 208 87 38 par
799 208 260 38 Bessières;
1009 208 99 38 Paris,

136 235 65 43 7
162 235 155 43 prairial
278 235 78 43 an
317 235 78 43 X,
356 235 65 43 1
382 235 78 43 p.
421 235 91 43 gr.
473 235 155 43 in-fol.,
589 235 104 43 tête
654 235 129 43 impr.,
745 235 104 43 vig.
809 235 129 43 Peu
900 235 194 43 commun
1055 235 65 43 4
1068 235 52 43 50

138 274 115 49 21908
215 274 191 49 BEAUHARNAIS
368 274 153 49 (Auguste
483 274 77 49 de
521 274 166 49 BAVIÈRE),
648 274 128 49 épouse
738 274 77 49 du
776 274 179 49 précédent.
916 274 115 49 L.
993 274 77 49 a.
1018 274 102 49 s.

140 320 67 49 à
166 320 93 49 son
220 320 120 49 mari;
300 320 133 49 Milan,
393 320 80 49 22
433 320 107 49 déc.
499 320 120 49 1809,
579 320 67 49 2
606 320 80 49 p.
646 320 93 49 pl.
699 320 120 49 in-8;
779 320 133 49 papier
872 320 107 49 doré
939 320 93 49 sur
979 320 133 49 tranche.

147 354 77 42 Rare
210 354 29 42 20
220 354 14 42 »

163 361 193 68 Charmante
312 361 163 68 épître,
431 361 89 68 où
475 361 119 68 elle
549 361 89 68 le
594 361 119 68 prie
668 361 89 68 en
713 361 208 68 commençant
876 361 193 68 d’assurer
1010 361 104 68 l’im-

148 420 163 42 ératrice
271 420 177 42 Joséphine
407 420 150 42 qu’elle
516 420 136 42 l’aime
611 420 122 42 comme
692 420 82 42 si
733 420 109 42 elle
801 420 122 42 était
883 420 82 42 sa
924 420 136 42 propre
1005 420 109 42 fille.

141 454 118 41 «Ton
215 454 191 41 discours,
362 454 103 41 lui
421 454 191 41 dit-elle,
568 454 103 41 m’a
627 454 118 41 fait
700 454 147 41 verser
803 454 103 41 des
862 454 162 41 larmes,
980 454 118 41 mais
1038 454 74 41 des

129 486 144 44 larmes
229 486 115 44 bien
301 486 158 44 douces,
416 486 187 44 puisqu’il
559 486 158 44 exprime
674 486 100 44 tes
731 486 144 44 nobles
832 486 201 44 sentiments
990 486 86 44 et
1019 486 100 44 qu’il

143 521 109 39 fait
211 521 176 39 connoitre
347 521 68 39 à
374 521 163 39 l’Europe
496 521 81 39 ta
537 521 122 39 belle
618 521 109 39 âme.
686 521 149 39 N’ai-je
794 521 95 39 pas
849 521 136 39 raison
944 521 136 39 d’être
1025 521 95 39 fière

133 561 141 36 d’être
232 561 99 36 ton
288 561 169 36 épouse?»
415 561 113 36 Elle
485 561 85 36 le
528 561 113 36 prie
598 561 85 36 de
641 561 141 36 croire
739 561 155 36 qu'elle
852 561 99 36 est
908 561 212 36 raisonnable
1064 561 56 36 et

136 588 142 41 calme.
235 588 170 41 «Quoique
363 588 113 41 cela
434 588 99 41 m’a
490 588 99 41 été
547 588 113 41 fort
618 588 170 41 pénible,
745 588 85 41 je
788 588 113 41 n’ai
859 588 128 41 point
930 588 184 41 discontinué

135 618 85 49 de
177 618 113 49 voir
248 618 85 49 du
290 618 155 49 monde.»
403 618 113 49 Elle
473 618 155 49 termine
586 618 85 49 en
628 618 99 49 lui
684 618 155 49 donnant
797 618 99 49 des
853 618 183 49 nouvelles
994 618 85 49 de
1022 618 99 49 leurs

144 653 167 41 enfants.
270 653 70 41 —
297 653 153 41 (Eugène
409 653 209 41 Beauharnais
576 653 125 41 était
660 653 125 41 alors
744 653 70 41 à
771 653 125 41 Paris
855 653 70 41 à
883 653 125 41 cause
967 653 84 41 du
995 653 125 41 divorce

137 692 83 46 de
179 692 83 46 sa
220 692 125 46 mère,
303 692 83 46 et
345 692 125 46 c’est
428 692 83 46 en
469 692 125 46 cette
552 692 166 46 occasion
677 692 125 46 qu’il
760 692 166 46 prononça
885 692 83 46 le
926 692 166 46 discours
1037 692 83 46 dont

141 727 84 48 sa
183 727 126 48 femme
267 727 126 48 parle
351 727 112 48 dans
420 727 126 48 cette
490 727 140 48 lettre.)

141 763 124 44 21909
224 763 207 44 BEAUHARNAIS
389 763 207 44 (Hortense),
555 763 124 44 reine
638 763 83 44 de
679 763 179 44 Hollande,
817 763 110 44 mère
886 763 83 44 de
927 763 165 44 Napoléon
1037 763 83 44 III.

146 800 100 43 L.
213 800 67 43 a.
246 800 111 43 s.
324 800 67 43 (à
358 800 67 43 la
391 800 134 43 duchesse
491 800 67 43 de
525 800 134 43 Raguse);
625 800 67 43 ce
658 800 100 43 lundi
725 800 67 43 de
759 800 111 43 Pâques
837 800 123 43 (1822),
926 800 56 43 1
948 800 67 43 p.
970 800 56 43 3/4

142 839 71 40 in-8.
190 839 47 40 45
205 839 24 40 »

178 870 235 53 Très-curieuse
372 870 152 53 lettre,
483 870 83 53 où
524 870 111 53 elle
593 870 125 53 parle
676 870 152 53 d’abord
787 870 83 53 de
828 870 180 53 questions
953 870 166 53 d’intérêt.

139 910 92 33 «Je
192 910 79 33 ne
231 910 105 33 sais
297 910 119 33 guère
376 910 171 33 disputer,
508 910 171 33 dit-elle,
640 910 105 33 pour
705 910 92 33 des
758 910 132 33 choses
850 910 184 33 d’intérêt,
995 910 79 33 et
1035 910 79 33 il
1061 910 66 33 est

139 937 172 45 toujours
268 937 143 45 facile
368 937 86 45 de
411 937 201 45 l’emporter
569 937 100 45 sur
626 937 100 45 une
684 937 129 45 femme
770 937 100 45 qui
827 937 100 45 n’a
885 937 86 45 ni
928 937 129 45 moyen
1014 937 86 45 ni
1042 937 72 45 dé-

139 971 164 38 fenseur,
262 971 82 38 et
303 971 96 38 qui
358 971 82 38 ne
399 971 109 38 veut
468 971 96 38 pas
522 971 246 38 d’esclandre...
727 971 109 38 J’ai
796 971 96 38 été
850 971 109 38 bien
919 971 164 38 affligée
1042 971 82 38 de
1069 971 55 38 la

137 1004 113 43 mort
208 1004 85 43 de
250 1004 99 43 Mme
307 1004 156 43 Campan:
420 1004 156 43 c’était
533 1004 85 43 un
576 1004 113 43 cœur
647 1004 71 43 à
675 1004 99 43 moi
732 1004 85 43 et
774 1004 85 43 on
817 1004 85 43 ne
859 1004 99 43 les
916 1004 113 43 perd
987 1004 99 43 pas
1029 1004 85 43 sans

142 1040 165 36 chagrin.
266 1040 137 36 Eugène
362 1040 110 36 vous
431 1040 96 36 dit
485 1040 124 36 mille
568 1040 151 36 choses.
678 1040 82 36 Il
719 1040 69 36 a
746 1040 96 36 été
801 1040 110 36 hier
870 1040 82 36 le
911 1040 151 36 parrain
1021 1040 82 36 de
1048 1040 69 36 mon

140 1077 102 45 fils
204 1077 140 45 (depuis
306 1077 191 45 Napoléon
458 1077 165 45 III)
585 1077 102 45 dans
649 1077 89 45 une
700 1077 165 45 cérémonie
827 1077 178 45 très-belle
966 1077 64 45 à
992 1077 76 45 la
1017 1077 102 45 Cathé-

147 1106 142 44 lrale.
246 1106 85 44 Ce
289 1106 114 44 cher
360 1106 142 44 enfant
459 1106 71 44 a
487 1106 99 44 été
544 1106 185 44 confirmé,
686 1106 85 44 et
729 1106 99 44 son
786 1106 142 44 oncle,
885 1106 99 44 qui
942 1106 99 44 est
998 1106 85 44 la
1027 1106 85 44 com-

141 1143 192 42 plaisance
289 1143 118 42 même
363 1143 89 42 et
407 1143 103 42 qui
466 1143 148 42 n’aime
569 1143 103 42 pas
628 1143 177 42 beaucoup
761 1143 103 42 les
820 1143 221 42 cérémonies,
997 1143 74 42 a
1012 1143 103 42 passé

148 1173 82 43 ar
189 1173 136 43 dessus
285 1173 109 43 tout
353 1173 109 43 cela
421 1173 109 43 pour
489 1173 109 43 nous
558 1173 123 43 faire
626 1173 177 43 plaisir...»

150 1209 116 38 21910
228 1209 129 38 BEAUNE
318 1209 181 38 (Charlotte
460 1209 103 38 de),
525 1209 103 38 dame
589 1209 155 38 d’atours
706 1209 78 38 et
744 1209 155 38 favorite
861 1209 78 38 de
899 1209 168 38 Catherine
1029 1209 78 38 de
1054 1209 65 38 Mé-

152 1247 123 51 licis,
238 1247 148 51 première
349 1247 161 51 maîtresse
473 1247 74 51 de
510 1247 111 51 Henri
584 1247 86 51 IV.
633 1247 123 51 Quitt,
720 1247 111 51 sig.,
794 1247 86 51 sur
843 1247 123 51 vélin;
930 1247 74 51 28
954 1247 62 51 mai

153 1275 102 54 1577,
221 1275 57 54 1
243 1275 68 54 p.
277 1275 91 54 in-4
334 1275 125 54 oblong.
424 1275 57 54 2
436 1275 45 54 50

151 1314 98 46 21911
216 1314 130 46 BÉRANGER
314 1314 76 46 (P.
358 1314 65 46 J.
390 1314 87 46 de),
444 1314 98 46 notre
510 1314 163 46 chansonnier
640 1314 141 46 national.
749 1314 98 46 P.
814 1314 120 46 a.
901 1314 87 46 sig.
955 1314 98 46 P.
1020 1314 65 46 J.
1042 1314 87 46 de

143 1357 222 42 Béranger;
331 1357 111 42 Paris,
409 1357 66 42 11
442 1357 89 42 oct.
497 1357 100 42 1814,
564 1357 78 42 3/4
608 1357 66 42 de
642 1357 66 42 p.
675 1357 100 42 in-8.
741 1357 233 42 Très-rare
941 1357 55 42 8
952 1357 33 42 »

173 1384 83 47 Il
215 1384 166 47 autorise
340 1384 139 47 Wilhem
437 1384 69 47 à
464 1384 125 47 faire
548 1384 139 47 graver
645 1384 97 47 les
700 1384 153 47 paroles
811 1384 83 47 de
853 1384 83 47 sa
894 1384 153 47 romance
991 1384 125 47 intitu-

136 1427 108 50 lée:
203 1427 202 50 Beaucoup
365 1427 216 50 d’amour
540 1427 108 50 avec
607 1427 81 50 la
648 1427 148 50 musique
756 1427 81 50 de
796 1427 81 50 sa
823 1427 189 50 composition.

44 1463 102 46 21912
112 1463 68 46 LE
146 1463 102 46 MÊME.
214 1463 102 46 L.
282 1463 68 46 a.
316 1463 125 46 s.
407 1463 57 46 1
429 1463 68 46 p.
463 1463 102 46 in-8.
531 1463 57 46 2
543 1463 45 46 75

45 1511 85 62 21913
101 1511 104 62 BERNIER
177 1511 123 62 (l’abbé),
272 1511 76 62 curé
319 1511 57 62 de
348 1511 142 62 Saint-Laud,
462 1511 76 62 puis
509 1511 95 62 évêque
575 1511 133 62 d’Orléans,
670 1511 57 62 sur-

146 1544 72 65 nommé
194 1544 120 65 l'Apôtre
290 1544 48 65 de
314 1544 48 65 la
338 1544 88 65 Vendée.
402 1544 48 65 L.
426 1544 48 65 a.
451 1544 80 65 s.
507 1544 88 65 château
571 1544 48 65 du
595 1544 88 65 Lavoir,
659 1544 40 65 9
667 1544 64 65 messi-

148 1583 78 44 dor
192 1583 67 44 an
226 1583 89 44 III,
281 1583 56 44 2
303 1583 67 44 p.
337 1583 100 44 in-4.
403 1583 56 44 7
415 1583 44 44 50

174 1623 145 48 Lettre
275 1623 217 48 mystérieuse
449 1623 87 48 au
492 1623 130 48 comte
579 1623 174 48 d’Artois
710 1623 87 48 ou
753 1623 72 48 à
782 1623 159 48 quelque
898 1623 116 48 haut
956 1623 174 48 personnage

141 1650 83 44 du
183 1650 125 44 parti
266 1650 194 44 royaliste,
419 1650 139 44 écrite
516 1650 97 44 peu
572 1650 125 44 avant
655 1650 83 44 la
697 1650 125 44 levée
780 1650 83 44 de
822 1650 181 44 boucliers
960 1650 97 44 qui
1002 1650 125 44 aboutit

146 1694 83 39 au
188 1694 165 39 désastre
312 1694 83 39 de
353 1694 179 39 Quiberon.
491 1694 138 39 «...Je
587 1694 110 39 vous
656 1694 138 39 invite
753 1694 69 39 à
780 1694 138 39 venir,
877 1694 152 39 dit-il,
987 1694 110 39 s’il
1042 1694 83 39 vous

143 1727 95 40 est
198 1727 177 40 possible,
334 1727 163 40 conférer
456 1727 109 40 avec
524 1727 109 40 nous
591 1727 95 40 sur
646 1727 95 40 les
700 1727 136 40 moyens
795 1727 81 40 de
836 1727 163 40 parvenir
958 1727 68 40 à
985 1727 95 40 nos
1026 1727 95 40 fins,

143 1765 97 39 qui
199 1765 111 39 sont
268 1765 139 39 celles
365 1765 83 39 du
407 1765 111 39 bien
476 1765 153 39 public.
587 1765 181 39 Stofflet,
726 1765 181 39 Fleuriot,
865 1765 167 39 Scépeaux
990 1765 83 39 et
1018 1765 111 39 autres

146 1786 115 50 vous
217 1786 144 50 disent
318 1786 129 50 mille
390 1786 172 50 choses.;.»

146 1818 119 60 21914
225 1818 119 60 BERRI
304 1818 303 60 (Charles-Ferdinand,
568 1818 92 60 duc
620 1818 105 60 de),
686 1818 132 60 second
778 1818 105 60 fils
844 1818 79 60 de
884 1818 145 60 Charles
989 1818 79 60 X,
1016 1818 105 60 assas-

144 1871 101 42 siné
208 1871 89 42 par
258 1871 127 42 Louvel
347 1871 76 42 en
385 1871 114 42 1820.
461 1871 114 42 L.
538 1871 76 42 a.
576 1871 127 42 s.
664 1871 63 42 à
690 1871 190 42 Kellermann;
842 1871 127 42 Paris,
931 1871 76 42 19
969 1871 114 42 sept.
1032 1871 89 42 1814,

156 1899 40 43 1
172 1899 48 43 p.
196 1899 72 43 in-4.
244 1899 129 43 Rare
349 1899 48 43 22
365 1899 24 43 »

173 1925 81 50 Il
214 1925 95 50 lui
268 1925 149 50 annonce
377 1925 122 50 qu’il
459 1925 109 50 sera
526 1925 149 50 bientôt
635 1925 81 50 en
676 1925 136 50 Alsace
771 1925 81 50 et
812 1925 95 50 lui
866 1925 149 50 indique
975 1925 95 50 son
1015 1925 109 50 itiné-

140 1965 134 54 raire.
234 1965 94 54 «Je
287 1965 161 54 connais,
408 1965 148 54 dit-il,
516 1965 134 54 toutes
610 1965 94 54 les
664 1965 134 54 bonnes
758 1965 215 54 dispositions
933 1965 94 54 des
973 1965 148 54 habitants

146 2012 82 32 et
187 2012 95 32 des
242 2012 163 32 troupes,
364 2012 82 32 et
405 2012 163 32 qu’elles
527 2012 109 32 sont
595 2012 177 32 conformes
731 2012 68 32 à
759 2012 136 32 celles
854 2012 82 32 de
895 2012 109 32 leur
949 2012 177 32 respectable

138 2037 214 45 souverain.
290 2037 46 45 »

143 2084 117 46 21915
221 2084 183 46 BERTHOLLET
365 2084 104 46 (Cl.
430 2084 91 46 L.,
482 2084 143 46 comte),
586 2084 156 46 illustre
704 2084 170 46 chimiste,
834 2084 130 46 membre
925 2084 78 46 de
951 2084 170 46 l’Institut.

145 2121 111 35 L.
219 2121 74 35 a.
255 2121 123 35 s.
342 2121 86 35 aux
391 2121 148 35 citoyens
502 2121 160 35 composant
625 2121 148 35 l’agence
735 2121 172 35 monétaire;
871 2121 74 35 16
908 2121 148 35 frimaire
1019 2121 74 35 an
1043 2121 74 35 III.

149 2148 53 55 1
170 2148 63 55 p.
201 2148 74 55 1/2
243 2148 95 55 in-4.
306 2148 53 55 4
317 2148 32 55 »
