1627 3030
655 114 160 83 —
719 114 224 83 454
815 114 96 83 —

116 209 233 69 venir...
291 209 214 69 Dernier
446 209 233 69 décembre
621 209 175 69 1597.
738 209 97 69 1
777 209 136 69 gr.
855 209 117 69 p.
913 209 117 69 et
971 209 175 69 quart
1088 209 214 69 in-fol.
1224 209 156 69 Déchi-

125 265 150 56 rure
219 265 112 56 en
275 265 168 56 tête,
387 265 150 56 mais
481 265 262 56 n’enlevant
686 265 150 56 rien
780 265 112 56 de
836 265 281 56 l’écriture.
1060 265 112 56 50
1098 265 56 56 »

83 309 160 68 5454.
190 309 267 68 Fain
404 309 125 68 (le
475 309 196 68 baron),
617 309 249 68 historien,
813 309 249 68 secrétaire
1009 309 107 68 de
1063 309 214 68 Napoléon
1223 309 125 68 Ier
1294 309 107 68 et
1330 309 71 68 du

118 359 133 59 roi
194 359 362 59 Louis-Philippe.
499 359 114 59 L.
556 359 152 59 aut.
651 359 171 59 sig.,
765 359 95 59 à
803 359 152 59 M...
898 359 324 59 Palais-Royal,
1165 359 95 59 5
1203 359 152 59 mars
1279 359 133 59 1831.

131 409 75 64 1
161 409 90 64 p.
206 409 135 64 in-4.
296 409 75 64 2
311 409 45 64 »

67 465 196 58 5455.
198 465 304 58 Feh
437 465 152 58 (le
524 465 304 58 cardinal),
763 465 304 58 archevêque
1002 465 130 58 de
1067 465 196 58 Lyon,
1198 465 196 58 oncle
1328 465 130 58 de
1372 465 152 58 Napo-

119 500 175 66 léon.
235 500 116 66 L.
293 500 155 66 aut.
390 500 175 66 sig.,
507 500 97 66 à
545 500 136 66 Mme
623 500 116 66 de
681 500 272 66 Fontanges,
895 500 97 66 à
933 500 388 66 Aix-la-Chapelle.
1244 500 155 66 Paris,

121 562 91 55 9
157 562 200 55 juillet
303 562 164 55 1810.
412 562 91 55 1
449 562 109 55 p.
503 562 164 55 in-4.
612 562 200 55 Cachet.
758 562 164 55 Jolie
867 562 200 55 lettre.
1013 562 109 55 10
1049 562 55 55 »

162 608 130 55 Il
227 608 152 55 est
314 608 174 55 bien
423 608 130 55 en
488 608 196 55 peine
619 608 130 55 de
684 608 130 55 sa
749 608 174 55 sœur
858 608 217 55 depuis
1010 608 152 55 les
1097 608 304 55 événements
1336 608 152 55 qui
1402 608 130 55 sont

116 653 236 78 arrivés
287 653 129 78 en
352 653 343 78 Hollande....
631 653 129 78 La
695 653 193 78 reine
824 653 129 78 de
888 653 215 78 Naples
1038 653 129 78 et
1103 653 300 78 l’empereur
1339 653 172 78 sont
1425 653 107 78 de-

130 701 177 54 puis
241 701 200 54 jeudi
374 701 111 54 à
396 701 377 54 Rambouillet....

79 736 182 66 5456.
200 736 403 66 Feutrier,
543 736 202 66 éveque
684 736 121 66 de
744 736 262 66 Beauvais,
946 736 242 66 ministre
1128 736 141 66 des
1208 736 222 66 cultes.
1370 736 121 66 L.
1410 736 121 66 aut.

121 795 160 65 sig.,
228 795 89 65 à
263 795 142 65 M...
352 795 89 65 1
388 795 107 65 p.
441 795 160 65 in-8.
547 795 89 65 1
565 795 71 65 25

80 837 196 64 5457.
211 837 457 64 Fitz-Jâmes
602 837 152 64 (le
689 837 283 64 maréchal,
906 837 152 64 duc
993 837 174 64 de),
1102 837 174 64 fils
1211 837 130 64 du
1276 837 261 64 maréchal
1450 837 87 64 de

113 900 284 55 Berwick.
327 900 142 55 1°
398 900 142 55 L.
469 900 190 55 aut.
587 900 213 55 sig.,
729 900 142 55 au
800 900 261 55 marquis
990 900 142 55 de
1061 900 355 55 Monteynard.
1322 900 213 55 Rennes,

126 944 114 45 8
172 944 273 45 décembre
377 944 205 45 1773.
513 944 114 45 1
559 944 137 45 p.
627 944 205 45 in-4.
764 944 114 45 —
809 944 137 45 2°
878 944 250 45 Mémoire
1060 944 342 45 autographe,
1333 944 137 45 ou
1379 944 159 45 notes

130 989 174 63 pour
239 989 217 63 servir
391 989 130 63 de
456 989 239 63 preuves
629 989 130 63 au
695 989 239 63 mémoire
868 989 304 63 concernant
1107 989 130 63 le
1172 989 195 63 droit
1302 989 217 63 qu’ont
1432 989 109 63 les

125 1037 186 65 pairs
249 1037 124 65 de
311 1037 206 65 France
455 1037 206 65 d’être
600 1037 186 65 jugés
724 1037 144 65 par
806 1037 186 65 leurs
930 1037 206 65 pairs.
1074 1037 124 65 30
1136 1037 124 65 p.
1198 1037 227 65 in-fol.
1342 1037 186 65 Dossier

132 1081 243 62 intéressant.
329 1081 91 62 12
359 1081 46 62 »

78 1130 190 61 5458.
204 1130 505 61 Fontaincbleau
647 1130 211 61 (forêt
794 1130 168 61 de).
899 1130 126 61 1°
962 1130 211 61 Projet
1110 1130 126 61 de
1173 1130 316 61 plantations
1405 1130 126 61 dans

130 1178 146 53 les
214 1178 251 53 terrains
402 1178 355 53 naturellement
694 1178 188 53 vides
819 1178 125 53 de
882 1178 125 53 la
944 1178 188 53 forêt
1070 1178 125 53 de
1132 1178 376 53 Fontainebleau.
1425 1178 104 53 Ma-

126 1231 235 54 nuscrit
297 1231 128 54 de
361 1231 128 54 10
425 1231 192 54 pages
553 1231 235 54 in-fol.
724 1231 107 54 —
767 1231 128 54 2°
831 1231 192 54 Trois
959 1231 235 54 lettres
1130 1231 171 54 aut.
1237 1231 128 54 et
1301 1231 171 54 aut.
1386 1231 150 54 sig.,

128 1276 270 52 adressées
336 1276 104 52 à
378 1276 125 52 M.
440 1276 291 52 Delaporte,
669 1276 270 52 intendant
877 1276 125 52 de
940 1276 125 52 la
1002 1276 187 52 liste
1127 1276 208 52 civile
1273 1276 146 52 sur
1356 1276 125 52 le
1397 1276 146 52 sujet

132 1322 153 56 qui
220 1322 262 56 précède,
416 1322 131 56 et
482 1322 153 56 sur
569 1322 153 56 les
656 1322 240 56 mesures
831 1322 109 56 à
875 1322 240 56 prendre
1049 1322 175 56 pour
1159 1322 240 56 arrêter
1333 1322 131 56 le
1377 1322 153 56 cours

135 1375 150 50 des
220 1375 342 50 dévastations
498 1375 128 50 de
562 1375 128 50 la
627 1375 193 50 foret
755 1375 128 50 de
819 1375 385 50 Fontainebleau.
1140 1375 385 50 Fontainebleau,
1439 1375 86 50 14

124 1427 211 55 févr.,
271 1427 126 55 15
335 1427 126 55 et
398 1427 126 55 16
461 1427 232 55 octobre
630 1427 190 55 1791.
756 1427 274 55 Ensemble,
967 1427 126 55 29
1030 1427 126 55 p.
1093 1427 232 55 in-fol.
1262 1427 105 55 —
1304 1427 126 55 3°
1367 1427 126 55 L.
1410 1427 126 55 sig.

132 1473 138 57 du
201 1473 185 57 même
316 1473 138 57 au
386 1473 208 57 même.
524 1473 231 57 Paris,
686 1473 138 57 27
755 1473 254 57 janvier
939 1473 208 57 1792.
1078 1473 115 57 2
1124 1473 138 57 p.
1193 1473 254 57 in-fol.
1378 1473 161 57 Sur
1447 1473 92 57 le

130 1513 137 63 même
215 1513 171 63 sujet.
335 1513 102 63 30
369 1513 51 63 »

90 1552 176 62 5459.
208 1552 333 62 Fréret
482 1552 274 62 (Nicolas),
698 1552 274 62 philologue
914 1552 118 62 et
973 1552 274 62 historien,
1188 1552 274 62 secrétaire
1384 1552 157 62 perpé-

129 1614 161 57 tuel
230 1614 121 57 de
290 1614 282 57 l’Académie
511 1614 141 57 des
592 1614 322 57 Inscriptions
854 1614 121 57 et
914 1614 382 57 Belles-Lettres.
1236 1614 121 57 1°
1276 1614 262 57 Description

136 1659 127 71 de
199 1659 127 71 la
263 1659 212 71 petite
412 1659 276 71 Tartarie.
624 1659 276 71 Fragments
837 1659 170 71 aut.
943 1659 127 71 23
1007 1659 127 71 p.
1071 1659 191 71 in-4.
1198 1659 255 71 Ecriture
1368 1659 170 71 serrée

136 1707 129 58 et
200 1707 258 58 diverses
393 1707 193 58 notes
522 1707 129 58 et
587 1707 301 58 fragments;
823 1707 193 58 route
952 1707 129 58 de
1016 1707 236 58 Smyrne,
1188 1707 193 58 route
1317 1707 129 58 de
1360 1707 172 58 Taver-

127 1756 190 61 nier,
253 1756 127 61 de
317 1756 380 61 Constantinople
633 1756 105 61 à
675 1756 274 61 Erzeroum,
886 1756 169 61 etc.
992 1756 105 61 8
1034 1756 127 61 p.
1097 1756 169 61 in-8
1203 1756 127 61 et
1266 1756 232 61 in-fol.
1414 1756 63 61 —

128 1798 126 61 2°
191 1798 293 61 Vingt-huit
421 1798 210 61 cartes
568 1798 314 61 originales,
820 1798 168 61 avec
924 1798 147 61 les
1008 1798 335 61 descriptions
1260 1798 272 61 autographes

130 1857 370 55 d’Alexandrie
430 1857 116 55 à
476 1857 300 55 Samosate,
707 1857 139 55 du
777 1857 231 55 voyage
938 1857 139 55 de
1008 1857 139 55 M.
1077 1857 139 55 de
1146 1857 277 55 Nointel,
1354 1857 185 55 tiré
1447 1857 92 55 du

139 1900 212 57 journal
293 1900 232 57 original
467 1900 116 57 de
525 1900 116 57 M.
583 1900 232 57 Galland,
756 1900 174 57 etc.,
872 1900 154 57 etc.
969 1900 251 57 Ensemble.
1162 1900 116 57 60
1200 1900 58 57 »

92 1942 158 67 5460.
198 1942 351 67 Galbois,
496 1942 193 67 général
637 1942 105 67 de
689 1942 193 67 l’armée
830 1942 246 67 d’Afrique.
1023 1942 105 67 L.
1076 1942 140 67 aut.
1163 1942 140 67 sig.
1251 1942 105 67 de
1286 1942 88 67 ses

128 1997 265 58 initiales,
336 1997 95 58 à
374 1997 133 58 son
450 1997 170 58 fils.
563 1997 303 58 Constantine,
810 1997 95 58 5
847 1997 246 58 septembre
1037 1997 170 58 1838.
1150 1997 95 58 3
1188 1997 114 58 p.
1245 1997 133 58 pl.
1321 1997 170 58 in-4.
1434 1997 95 58 3
1453 1997 76 58 50

173 2048 215 62 Lettre
324 2048 344 62 intéressante
604 2048 151 62 sur
690 2048 151 62 ses
776 2048 301 62 opérations
1013 2048 301 62 militaires
1249 2048 172 62 dans
1357 2048 129 62 la
1400 2048 129 62 pro-

132 2090 198 52 vince
264 2090 132 52 de
308 2090 309 52 Constantine.

81 2140 178 59 5461.
200 2140 377 59 Gallard
517 2140 198 59 évêque
656 2140 119 59 de
715 2140 198 59 Meaux.
854 2140 119 59 L.
914 2140 159 59 aut.
1013 2140 178 59 sig.,
1132 2140 99 59 à
1171 2140 139 59 Mme
1250 2140 119 59 la
1290 2140 119 59 com-

135 2197 186 51 tesse
260 2197 124 51 de
322 2197 290 51 Rambuteau.
549 2197 207 51 Meaux,
694 2197 124 51 26
757 2197 228 51 janvier
922 2197 186 51 1835.
1046 2197 104 51 2
1088 2197 124 51 p.
1150 2197 186 51 in-4.
1274 2197 104 51 2
1295 2197 62 51 »

91 2235 166 59 5462.
201 2235 332 59 Gaudin,
478 2235 129 59 duc
551 2235 111 59 de
607 2235 184 59 Gaëte,
736 2235 221 59 ministre
902 2235 129 59 des
976 2235 240 59 finances.
1160 2235 111 59 L.
1215 2235 147 59 aut.
1289 2235 129 59 sig.,

132 2284 96 49 à
170 2284 231 49 l’amiral
344 2284 193 49 Bruix.
479 2284 193 49 Paris,
614 2284 116 49 16
672 2284 193 49 nivôse
807 2284 116 49 an
865 2284 174 49 VIII.
980 2284 212 49 Demi-p.
1135 2284 174 49 in-4.
1251 2284 96 49 1
1270 2284 77 49 50

90 2320 183 75 5463.
211 2320 385 75 Gavaudan
536 2320 203 75 (Mme),
678 2320 223 75 actrice
840 2320 122 75 de
901 2320 406 75 l’Opéra-Comique.
1246 2320 122 75 L.
1307 2320 162 75 aut.
1388 2320 142 75 sig.,

134 2373 102 61 à
174 2373 122 61 M.
235 2373 122 61 de
296 2373 325 61 Pixerécourt.
560 2373 203 61 Passy,
702 2373 122 61 le
763 2373 122 61 28
824 2373 162 61 jnin
926 2373 183 61 1830.
1048 2373 102 61 3
1088 2373 122 61 p.
1149 2373 142 61 pl.
1230 2373 183 61 in-8.
1352 2373 183 61 Jolie
1454 2373 81 61 et

135 2425 203 63 curieuse
287 2425 186 63 lettre.
422 2425 85 63 5
439 2425 51 63 »

76 2463 193 72 5464.
204 2463 428 72 Ginguené,
568 2463 343 72 littérateur,
847 2463 300 72 historien.
1082 2463 129 72 L.
1146 2463 171 72 aut.
1254 2463 193 72 sig.,
1382 2463 107 72 à
1403 2463 129 72 M...

131 2520 278 60 Saint-Prix,
354 2520 111 60 16
410 2520 148 60 août
502 2520 167 60 1813.
614 2520 93 60 4
651 2520 111 60 p.
706 2520 130 60 pl.
781 2520 167 60 in-4.
892 2520 93 60 6
910 2520 56 60 »

178 2571 159 66 Belle
284 2571 177 66 lettre
408 2571 212 66 relative
567 2571 88 66 à
603 2571 124 66 son
673 2571 336 66 Histotre
956 2571 248 66 littéraire
1151 2571 230 66 d’Italie,
1328 2571 106 66 et
1381 2571 124 66 aux
1434 2571 88 66 in-

140 2617 230 57 trigues
307 2617 146 57 qui
391 2617 146 57 ont
475 2617 230 57 empêché
642 2617 125 57 sa
704 2617 293 57 nomination
934 2617 105 57 à
955 2617 272 57 l’Institut.

79 2657 198 66 5465.
211 2657 440 66 Grandval
585 2657 242 66 célèbre
761 2657 220 66 acteur
916 2657 132 66 de
982 2657 132 66 la
1048 2657 484 66 Comédie-Française.
1444 2657 88 66 L.

126 2717 173 46 aut.
235 2717 195 46 sig.,
364 2717 108 46 à
408 2717 173 46 M...
516 2717 108 46 9
559 2717 303 46 janvier...
797 2717 108 46 2
841 2717 130 46 p.
905 2717 151 46 pl.
992 2717 195 46 in-4.
1122 2717 195 46 Belle
1252 2717 238 46 lettre.
1425 2717 130 46 32
1468 2717 65 46 »

175 2762 127 45 Il
238 2762 190 45 avait
365 2762 169 45 prié
471 2762 211 45 Lekain
619 2762 127 45 de
682 2762 127 45 le
746 2762 254 45 prévenir
936 2762 148 45 sur
1021 2762 127 45 ce
1084 2762 148 45 qui
1169 2762 317 45 l’empéchait
1401 2762 127 45 d’a-

128 2811 163 50 voir
229 2811 265 50 l’honneur
433 2811 122 50 de
494 2811 122 50 le
555 2811 244 50 voir,...
739 2811 163 50 mais
841 2811 122 50 il
902 2811 204 50 paraît
1044 2811 183 50 qu’il
1166 2811 163 50 n’en
1268 2811 102 50 a
1309 2811 163 50 rien
1390 2811 143 50 fait.
