1652 3109
650 86 180 109 —
722 86 252 109 456
830 86 108 109 —

82 187 169 80 5476
187 187 465 80 Kalkbrenner
589 187 317 80 (Frédéric),
842 187 232 80 célèbre
1011 187 253 80 pianiste
1201 187 127 80 et
1243 187 296 80 compositeur.

129 259 134 52 L.
196 259 178 52 aut.
307 259 178 52 sig.
418 259 156 52 (en
508 259 290 52 Anglais),
731 259 134 52 au
797 259 201 52 baron
931 259 134 52 de
998 259 267 52 Trémont.
1199 259 245 52 Dieppe,
1377 259 111 52 7
1399 259 134 52 sep-

138 313 203 53 tembre
280 313 182 53 1843.
401 313 101 53 2
442 313 122 53 p.
502 313 142 53 pl.
583 313 122 53 et
644 313 182 53 demie
766 313 182 53 in-8.
887 313 263 53 Musicale.
1090 313 101 53 2
1110 313 81 53 50

82 340 184 67 5477.
204 340 389 67 Kotzebue
532 340 635 67 (Auguste-Frédéric-Ferdinand
1106 340 164 67 de),
1208 340 184 67 poëte
1331 340 123 67 et
1372 340 164 67 litté-

131 401 216 64 rateur.
288 401 118 64 L.
347 401 118 64 a.
406 401 118 64 s.
465 401 137 64 (en
544 401 236 64 allem.),
720 401 118 64 au
779 401 275 64 professenr
995 401 196 64 Hasse,
1133 401 98 64 à
1172 401 216 64 Dresde.
1329 401 216 64 Berlin,
1466 401 79 64 22

141 453 159 55 mars
241 453 179 55 1803.
360 453 219 55 Demi-p.
520 453 179 55 in-4.
639 453 120 55 Le
699 453 199 55 cachet
838 453 100 55 a
878 453 139 55 été
958 453 219 55 enlevé.
1117 453 179 55 Belle
1237 453 219 55 lettre.
1396 453 100 55 8
1416 453 60 55 »

91 493 186 67 5478.
215 493 393 67 Labaume,
546 493 289 67 historien.
773 493 124 67 L.
835 493 165 67 aut.
939 493 165 67 sig.
1042 493 207 67 Paris,
1187 493 124 67 23
1249 493 186 67 avril
1352 493 124 67 1811

201 549 56 61 p.
229 549 84 61 in-8.
284 549 47 61 1
294 549 37 61 50

92 583 168 71 5479.
204 583 355 71 Lablache
504 583 224 71 (Louis),
672 583 206 71 célèbre
822 583 299 71 basse-taille
1065 583 112 71 de
1121 583 206 71 l’Opéra
1270 583 206 71 italien
1401 583 75 71 de

141 637 208 64 Paris.
287 637 125 64 L.
349 637 167 64 aut.
453 637 167 64 sig.
558 637 146 64 (en
641 637 271 64 Italien),
849 637 104 64 à
891 637 125 64 M.
953 637 271 64 Severini.
1161 637 229 64 Naples,
1328 637 125 64 22
1369 637 167 64 décem-

143 689 126 57 bre
215 689 163 57 1832.
324 689 90 57 1
360 689 108 57 p.
414 689 126 57 pl.
486 689 199 57 in-fol.
631 689 90 57 5
649 689 54 57 »

88 730 199 66 5480.
221 730 199 66 La
353 730 332 66 Fayette
619 730 155 66 (le
707 730 265 66 général,
906 730 243 66 marquis
1083 730 177 66 de).
1194 730 133 66 L.
1260 730 177 66 aut.
1371 730 199 66 sig.,
1482 730 66 66 à

145 791 118 63 M.
204 791 118 63 de
263 791 315 63 Châteauneuf,
519 791 197 63 auteur
656 791 118 63 de
715 791 118 63 la
774 791 197 63 Vie
912 791 138 63 des
991 791 197 63 grands
1128 791 275 63 Capitaines
1325 791 216 63 fran

149 832 276 70 çais
373 832 224 70 Lagrange,
545 832 103 70 13
597 832 121 70 mai
666 832 155 70 1808.
769 832 86 70 1
804 832 103 70 p.
856 832 155 70 in-4.
959 832 86 70 6
976 832 52 70 »

185 881 123 57 Il
246 881 143 57 est
328 881 164 57 bien
430 881 348 57 reconnaissant
717 881 123 57 de
778 881 123 57 la
840 881 184 57 suite
963 881 184 57 qu’il
1086 881 102 57 a
1126 881 123 57 eu
1188 881 123 57 la
1249 881 184 57 bonté
1372 881 123 57 de
1413 881 123 57 met-

144 926 153 69 tre
232 926 109 69 à
275 926 131 69 ce
341 926 153 69 qui
428 926 131 69 le
494 926 284 69 concerne.
713 926 131 69 Le
778 926 197 69 titre
910 926 131 69 de
975 926 153 69 son
1063 926 241 69 ouvrage
1238 926 262 69 semblait
1413 926 131 69 l'en

147 979 262 55 exclure;
344 979 175 55 «car
453 979 131 55 si
518 979 175 55 j’ai
628 979 153 55 une
715 979 175 55 part
824 979 284 55 marquante
1043 979 175 55 dans
1152 979 131 55 la
1217 979 328 55 révolution,
1458 979 87 55 je

148 1027 164 54 «ne
241 1027 234 54 marque
405 1027 187 54 dans
522 1027 164 54 nos
615 1027 304 54 campagnes
849 1027 327 54 nationales
1106 1027 164 54 que
1199 1027 187 54 pour
1316 1027 210 54 avoir
1433 1027 117 54 été

149 1076 255 59 «proscrit
346 1076 137 59 par
424 1076 137 59 les
503 1076 236 59 factions
680 1076 118 59 et
738 1076 216 59 délivré
896 1076 137 59 par
974 1076 137 59 les
1053 1076 255 59 victoires
1249 1076 118 59 de
1308 1076 118 59 ma
1367 1076 98 59 pa-

144 1128 210 62 «trie.
291 1128 168 62 Mais
396 1128 189 62 c’est
521 1128 105 62 à
563 1128 168 62 vous
668 1128 356 62 qu’appartient
962 1128 126 62 la
1025 1128 315 62 disposition
1276 1128 126 62 de
1339 1128 189 62 votre
1444 1128 105 62 in-

150 1177 340 53 «téressaute
422 1177 249 53 galerie
581 1177 408 53 historique.....»

99 1232 206 46 3481.
237 1232 298 46 Lafont
466 1232 436 46 d’Aussonne,
833 1232 229 46 auteur
994 1232 138 46 de
1062 1232 321 46 l’histoire
1315 1232 138 46 de
1383 1232 161 46 Mme
1452 1232 92 46 de

154 1266 306 58 Maintenon,
394 1266 175 58 etc.
504 1266 131 58 L.
569 1266 175 58 aut.
678 1266 197 58 sig.,
809 1266 131 58 au
875 1266 153 58 duc
962 1266 349 58 d’Angoulème.
1246 1266 218 58 Paris,
1399 1266 109 58 7
1421 1266 131 58 mars

159 1320 165 54 1820.
269 1320 92 54 1
305 1320 110 54 p.
360 1320 165 54 in-4.
470 1320 238 54 Curieuse.
653 1320 92 54 2
671 1320 55 54 »

106 1365 201 59 5482.
240 1365 402 59 Lamarck
574 1365 290 59 (Auguste,
797 1365 201 59 comte
931 1365 179 59 de),
1043 1365 223 59 prince
1199 1365 335 59 d’Aremberg,
1444 1365 112 59 ami

158 1406 126 59 de
221 1406 273 59 Mirabeau.
431 1406 126 59 L.
494 1406 126 59 a.
557 1406 126 59 s.
620 1406 147 59 (en
704 1406 210 59 partie
851 1406 126 59 en
913 1406 168 59 vers
1018 1406 273 59 gascons),
1228 1406 105 59 à
1270 1406 126 59 M.
1312 1406 231 59 Lanthais,

153 1456 113 58 à
199 1456 362 58 Montpellier.
493 1456 204 58 Nice,
628 1456 136 58 12
696 1456 249 58 février
877 1456 204 58 1807.
1013 1456 113 58 2
1058 1456 136 58 p.
1126 1456 204 58 in-4.
1262 1456 249 58 Cacheté
1443 1456 113 58 7
1466 1456 90 58 5)

109 1501 180 60 5483.
229 1501 401 60 Laplagne,
570 1501 240 60 ministre
750 1501 140 60 des
830 1501 240 60 finances
1010 1501 120 60 L.
1070 1501 160 60 aut.
1170 1501 180 60 sig.,
1291 1501 100 60 à
1331 1501 120 60 M.
1371 1501 180 60 Briatte

161 1551 181 69 Paris,
287 1551 108 69 27
341 1551 162 69 sept.
450 1551 162 69 1842.
558 1551 90 69 1
594 1551 108 69 p.
648 1551 162 69 in-8.
757 1551 90 69 1
775 1551 72 69 50

109 1595 197 69 5484.
241 1595 197 69 La
372 1595 197 69 Roche
503 1595 285 69 Posay
723 1595 635 69 (Henai-Louis-Chasteignier
1292 1595 175 69 de),
1380 1595 175 69 évêque

158 1649 127 52 de
221 1649 276 52 Poitiers.
434 1649 170 52 Sous
540 1649 149 52 son
625 1649 276 52 épiscopat
837 1649 149 52 eut
922 1649 170 52 lieu
1028 1649 106 52 à
1070 1649 212 52 Loudun
1219 1649 127 52 le
1282 1649 212 52 procès
1409 1649 149 52 d’Ur-

160 1700 155 56 bain
257 1700 252 56 Grandier.
451 1700 117 56 L.
509 1700 155 56 aut.
606 1700 175 56 sig.,
723 1700 155 56 à
820 1700 233 56 Monsieur
995 1700 233 56 Sirmond,
1170 1700 214 56 Recteur
1325 1700 117 56 du
1364 1700 194 56 col

166 1747 211 64 lége
319 1747 115 64 de
377 1747 115 64 la
435 1747 250 64 Compagnie
627 1747 115 64 de
684 1747 192 64 Jésus,
819 1747 96 64 à
857 1747 269 64 Paris
1068 1747 192 64 Rouen,
1202 1747 115 64 28
1260 1747 230 64 novembre
1414 1747 134 64 1617,

164 1792 89 59 1
200 1792 107 59 p.
253 1792 196 59 in-fol.
396 1792 214 59 Cachets.
556 1792 160 59 Belle
663 1792 196 59 lettre.
806 1792 107 59 13
842 1792 53 59 »

106 1836 181 69 5485.
227 1836 181 69 La
348 1836 242 69 Bêue
529 1836 181 69 (de),
650 1836 222 69 général
811 1836 121 69 de
871 1836 222 69 l’armée
1032 1836 282 69 d’Afrique.
1254 1836 121 69 L.
1314 1836 121 69 a.
1375 1836 141 69 s.,
1455 1836 101 69 à
1475 1836 81 69 M.

160 1891 366 65 l’intendant...
465 1891 325 65 Constantine,
729 1891 122 65 24
790 1891 224 65 juillet
953 1891 203 65 184...
1095 1891 102 65 4
1136 1891 142 65 gr.
1217 1891 122 65 p.
1278 1891 142 65 pl.
1360 1891 183 65 in-4.
1482 1891 102 65 6
1502 1891 61 65 »

204 1947 214 54 Lettre
353 1947 342 54 intéressante
631 1947 256 54 relative
823 1947 128 54 au
887 1947 171 54 fils
994 1947 128 54 du
1058 1947 150 54 roi
1144 1947 171 54 qui,
1251 1947 235 54 n’ayant
1421 1947 150 54 que
1486 1947 85 54 22

163 1990 184 57 ans,
278 1990 230 57 compte
439 1990 391 57 expéditionner
761 1990 184 57 dans
876 1990 253 57 l’Aurès
1059 1990 138 57 au
1128 1990 184 57 mois
1243 1990 138 57 de
1289 1990 276 57 septembre,

156 2042 175 59 sans
265 2042 219 59 aucune
419 2042 284 59 nécessité
637 2042 262 59 urgente,
834 2042 131 59 Il
900 2042 109 59 a
944 2042 153 59 une
1031 2042 262 59 aptitude
1228 2042 284 59 étonnante
1425 2042 131 59 pour

167 2081 146 55 les
250 2081 250 55 affaires
438 2081 416 55 d’administration
792 2081 125 55 et
854 2081 396 55 d’organisation,
1187 2081 167 55 mais
1291 2081 167 55 pour
1395 2081 146 55 les
1458 2081 104 55 af-

157 2129 219 54 faires
311 2129 132 54 de
376 2129 132 54 la
442 2129 307 54 guerre....
683 2129 132 54 il
749 2129 153 54 n’a
837 2129 153 54 pas
924 2129 132 54 la
990 2129 175 54 même
1100 2129 329 54 supériorité
1363 2129 132 54 de
1407 2129 153 54 juge

130 2180 253 61 ment....

121 2221 170 59 5486.
234 2221 340 59 Lebrun,
518 2221 302 59 littérateur,
763 2221 189 59 auteur
895 2221 113 59 de
952 2221 227 59 Marie
1122 2221 283 59 Stuart,
1329 2221 227 59 secrétaire

166 2279 283 62 perpétuel
384 2279 131 62 de
449 2279 305 62 l’Académie
689 2279 305 62 française.
928 2279 131 62 L.
994 2279 174 62 aut.
1103 2279 196 62 sig.,
1233 2279 109 62 à
1277 2279 152 62 M..
1364 2279 109 62 .
1386 2279 174 62 Paris,

167 2330 136 59 26
235 2330 248 59 janvier
416 2330 203 59 1844.
551 2330 113 59 1
597 2330 136 59 p.
664 2330 203 59 in-4.
800 2330 181 59 Tête
913 2330 271 59 imprimée
1116 2330 181 59 avec
1229 2330 136 59 la
1297 2330 271 59 vignette
1478 2330 90 59 de

173 2371 238 62 l’Institut.
364 2371 143 62 Jolie
459 2371 175 62 lettre.
586 2371 79 62 2
602 2371 63 62 10

123 2413 178 77 5487.
242 2413 178 77 Le
360 2413 217 77 Coz
518 2413 257 77 (Claude),
716 2413 316 77 législateur,
973 2413 198 77 évêque
1111 2413 119 77 de
1170 2413 217 77 Rennes,
1328 2413 158 77 puis
1407 2413 158 77 arche-

170 2467 179 57 vêque
290 2467 120 57 de
349 2467 259 57 Besançon.
549 2467 120 57 L.
608 2467 159 57 aut.
708 2467 179 57 sig.,
828 2467 120 57 au
887 2467 259 57 rédacteur
1087 2467 120 57 du
1147 2467 299 57 Courrier
1366 2467 199 57 fran

175 2518 270 66 çais
394 2518 219 66 Besançon,
563 2518 101 66 20
614 2518 186 66 juillet
749 2518 152 66 1808.
850 2518 84 66 8
884 2518 118 66 gr.
951 2518 101 66 p.
1002 2518 118 66 pl.
1069 2518 152 66 in-4.
1171 2518 101 66 15
1204 2518 51 66 »

211 2556 280 59 Très-belle
431 2556 120 59 et
491 2556 419 59 très-intéressante
850 2556 220 59 lettre,
1010 2556 180 59 toute
1130 2556 240 59 relative
1309 2556 100 59 à
1349 2556 120 59 un
1389 2556 180 59 article

174 2607 96 54 du
222 2607 239 54 Courrier
413 2607 255 54 français
620 2607 111 54 sur
684 2607 96 54 le
731 2607 223 54 Célibat
906 2607 111 54 des
954 2607 223 54 Prêtres

117 2651 201 64 5488.
251 2651 290 64 Légion
474 2651 402 64 d’Honneur
809 2651 268 64 «Preuves
1010 2651 134 64 de
1077 2651 134 64 la
1144 2651 201 64 vente
1278 2651 156 64 des
1367 2651 201 64 croix
1479 2651 89 64 de

169 2703 156 57 «la
258 2703 222 57 Légion
413 2703 289 57 d’Honneur
636 2703 133 57 et
702 2703 267 57 d’autres
902 2703 244 57 faveurs
1080 2703 133 57 du
1147 2703 244 57 ressort
1325 2703 133 57 de
1369 2703 200 57 l’admi-

173 2746 362 68 «nistration,
468 2746 226 68 Pauvre
626 2746 272 68 honneur!
830 2746 249 68 C’était
1011 2746 204 68 avant
1147 2746 204 68 comme
1283 2746 226 68 aprés.
1419 2746 158 68 C’est

172 2799 113 71 e
218 2799 204 71 après
353 2799 204 71 somme
489 2799 226 71 avant,
648 2799 226 71 Pauvre
806 2799 294 71 humanité!
1033 2799 158 71 Ces
1123 2799 226 71 écrits
1282 2799 181 71 sont
1372 2799 204 71 complé
