1664 3167
612 144 187 79 —
686 144 262 79 457
799 144 112 79 —

83 231 258 82 «tement
270 231 305 82 étrangers
504 231 141 82 au
575 231 305 82 ministère
809 231 141 82 de
880 231 398 82 l’intérieur.»
1208 231 141 82 La
1278 231 188 82 note
1372 231 117 82 qui

88 293 249 70 précède
269 293 158 70 est
360 293 136 70 de
428 293 136 70 la
496 293 181 70 main
609 293 136 70 de
677 293 136 70 M.
744 293 226 70 Leber,
903 293 136 70 et
971 293 226 70 écrite
1129 293 158 70 sur
1197 293 294 70 l'enveloppe

84 344 278 66 contenant
298 344 257 66 diverses
490 344 235 66 lettres
661 344 171 66 aut.
768 344 171 66 sig.
875 344 128 66 et
940 344 214 66 pièces
1089 344 321 66 manuscrites
1325 344 171 66 prove-

83 390 175 53 nant
192 390 131 53 de
258 390 131 53 sa
323 390 196 53 vente
454 390 196 53 faite
585 390 131 53 en
651 390 175 53 nov.
760 390 262 53 dernier,
956 390 175 53 sous
1065 390 131 53 le
1131 390 218 53 numéro
1284 390 175 53 438.
1393 390 109 53 5
1415 390 65 53 »

38 430 152 78 5489.
139 430 320 78 Lekçais,
409 430 185 78 célèbre
544 430 168 78 acteur
661 430 101 78 du
712 430 185 78 théâtre
847 430 219 78 Français.
1015 430 337 78 Discours
1285 430 202 78 Hé

93 484 205 52 moires,
254 484 234 52 Lettres
444 484 132 52 etc.,
532 484 190 52 éerits
678 484 102 52 par
737 484 102 52 moi
795 484 146 52 depuis
897 484 146 52 le
1000 484 88 52 18
1043 484 219 52 mars
1219 484 132 52 1752,
1292 484 190 52 jus

93 531 294 68 qu'au
331 531 110 68 11
387 531 367 68 septembre
699 531 165 68 1775.
809 531 239 68 Manuscrit
993 531 220 68 original
1158 531 147 68 aut.
1250 531 147 68 (son
1342 531 129 68 nom
1397 531 92 68 s’y

83 579 224 68 trouve
240 579 247 68 souvent
419 579 269 68 répété).
621 579 157 68 150
711 579 157 68 gr.
801 579 135 68 p.
868 579 157 68 pl.
958 579 247 68 in-fol.
1137 579 157 68 Les
1227 579 202 68 pages
1361 579 135 68 de
1406 579 90 68 ce

80 629 282 55 manuscrit
297 629 174 55 sont
406 629 282 55 chiffrées
623 629 130 55 de
688 629 108 55 1
731 629 108 55 à
774 629 174 55 200,
883 629 174 55 mais
991 629 130 55 il
1056 629 217 55 manque
1208 629 152 55 les
1295 629 130 55 17
1360 629 108 55 à
1382 629 108 55 20.

-31 682 207 56 —

147 669 141 67 25
217 669 141 67 et
287 669 164 67 26.
381 669 117 67 —
428 669 141 67 33
499 669 117 67 à
545 669 164 67 36.
639 669 117 67 —
686 669 141 67 45
757 669 117 67 à
804 669 164 67 54.
897 669 117 67 —
944 669 141 67 65
1015 669 117 67 à
1062 669 164 67 78.
1155 669 117 67 —
1202 669 164 67 101
1296 669 141 67 et
1343 669 141 67 102.

75 719 99 42 —

143 710 165 77 179
238 710 118 77 à
285 710 188 77 190,
402 710 118 77 —
449 710 165 77 193
543 710 141 77 et
614 710 188 77 194.
731 710 118 77 —
778 710 141 77 Le
849 710 235 77 recuil
1014 710 165 77 est
1108 710 259 77 terminé
1296 710 165 77 par
1366 710 118 77 uue

95 764 169 69 table
208 764 131 69 des
283 764 244 69 matières.
471 764 131 69 Une
546 764 188 69 grande
677 764 188 69 partie
808 764 131 69 est
883 764 225 69 inédite.
1052 764 131 69 350
1109 764 56 69 »

128 817 259 65 Précieux
323 817 238 65 recueil
496 817 173 65 pour
604 817 302 65 l’histoire
841 817 130 65 du
906 817 238 65 théâtre
1079 817 281 65 Français.
1295 817 130 65 Il
1359 817 108 65 y
1381 817 108 65 ra-

85 855 200 78 conte
218 855 200 78 ainsi
351 855 133 78 sa
418 855 267 78 première
618 855 267 78 entrevue
818 855 178 78 avec
929 855 289 78 Voltaire,
1152 855 133 78 au
1218 855 200 78 sujet
1352 855 133 78 de
1396 855 89 78 la

89 917 175 59 pièce
205 917 136 59 Le
283 917 213 59 mauvais
438 917 194 59 Riche,
574 917 213 59 comédie
729 917 233 59 nouvelle
904 917 116 59 en
962 917 155 59 cinq
1059 917 175 59 actes
1175 917 116 59 et
1234 917 116 59 en
1273 917 213 59 vers

81 969 183 49 de
203 969 122 49 M.
264 969 346 49 d’Arnaud
548 969 142 49 qui
629 969 183 49 avait
751 969 142 49 été
833 969 305 49 représentée
1077 969 163 49 pour
1178 969 122 49 la
1219 969 264 49 réouverture

85 997 128 66 du
149 997 235 66 théâtre
319 997 149 66 par
405 997 128 66 la
468 997 299 66 protection
703 997 171 66 d’un
810 997 213 66 prêtre
959 997 320 66 janséaiste,
1215 997 128 66 M.
1279 997 213 66 l’abbé
1407 997 85 66 de

91 1048 305 66 Chauvelin,
331 1048 305 66 conseiller
571 1048 196 66 clerc
702 1048 131 66 au
767 1048 284 66 Parlement
985 1048 131 66 de
1051 1048 218 66 Paris,
1203 1048 262 66 laquelle
1378 1048 109 66 eut

88 1101 148 62 peu
172 1101 127 62 de
236 1101 233 62 succès,
405 1101 127 62 au
468 1101 254 62 jugement
659 1101 127 62 de
722 1101 127 62 la
785 1101 169 62 plus
891 1101 275 62 brillante
1103 1101 275 62 assemblée
1314 1101 190 62 qu’il
1420 1101 63 62 y

88 1141 144 62 eut
171 1141 185 62 alors
294 1141 103 62 à
336 1141 206 62 Paris;
480 1141 227 62 c’était
645 1141 124 62 au
707 1141 165 62 mois
810 1141 124 62 de
871 1141 227 62 février
1016 1141 144 62 1750.

140 1173 152 84 «M,
227 1173 130 84 de
292 1173 261 84 Voltaire
488 1173 109 84 y
531 1173 152 84 fut
618 1173 217 84 invité
770 1173 152 84 par
857 1173 282 84 l’auteur,
1074 1173 130 84 et
1139 1173 174 84 soit
1226 1173 261 84 indulgence

89 1240 192 58 «pour
217 1240 128 58 M.
280 1240 277 58 d’Arnaud,
494 1240 170 58 soit
600 1240 170 58 pure
707 1240 192 58 bonté
834 1240 170 58 pour
941 1240 149 58 les
1026 1240 234 58 acteurs
1197 1240 149 58 qui
1261 1240 234 58 s’étaient

94 1293 224 53 «donné
250 1293 202 53 toute
385 1293 134 53 la
452 1293 202 53 peine
587 1293 314 53 imaginable
833 1293 179 53 pour
945 1293 202 53 faire
1080 1293 224 53 valoir
1236 1293 134 53 un
1281 1293 202 53 ouvrage

85 1341 242 50 «faible
261 1341 132 50 et
327 1341 176 50 sans
437 1341 264 50 intérêt.
635 1341 132 50 Ce
701 1341 198 50 grand
834 1341 198 50 homme
966 1341 198 50 parut
1098 1341 198 50 assez
1230 1341 264 50 content,
1406 1341 88 50 et

92 1385 293 53 «s’informa
322 1385 397 53 scrupuleusement
656 1385 167 53 quel
761 1385 188 53 était
886 1385 188 53 celui
1011 1385 146 53 qui
1095 1385 188 53 avait
1220 1385 167 53 joué
1325 1385 125 53 le
1367 1385 125 53 rôle

95 1429 141 49 «de
175 1429 443 49 l'amoureux;
558 1429 121 49 on
618 1429 141 49 lui
699 1429 242 49 répondit
880 1429 141 49 que
961 1429 221 49 c’était
1122 1429 121 49 le
1182 1429 161 49 fils
1283 1429 161 49 d’un
1363 1429 121 49 mar-

98 1472 215 57 «chand
248 1472 237 57 orfèvre
420 1472 129 57 de
485 1472 215 57 Paris,
635 1472 215 57 lequel
786 1472 215 57 jouait
936 1472 129 57 la
1001 1472 237 57 comédie
1173 1472 172 57 pour
1280 1472 151 57 son
1345 1472 151 57 plai-

98 1529 189 50 «sir,
224 1529 168 50 mais
329 1529 147 50 qui
413 1529 252 50 aspirait
602 1529 294 50 réellement
834 1529 105 50 à
876 1529 126 50 en
939 1529 189 50 faire
1065 1529 147 50 son
1149 1529 189 50 état;
1275 1529 126 50 il
1317 1529 168 50 témoi-

86 1575 190 46 «gna
205 1575 119 46 à
253 1575 143 46 M.
324 1575 285 46 d’Arnaud
538 1575 143 46 le
609 1575 214 46 désir
752 1575 143 46 de
823 1575 143 46 me
895 1575 333 46 connaître,
1156 1575 143 46 et
1227 1575 143 46 le
1299 1575 190 46 pria
1394 1575 95 46 de

91 1614 305 69 «m’engager
331 1614 109 69 à
374 1614 240 69 l’aller
549 1614 174 69 voir
658 1614 131 69 le
701 1614 327 69 surlendemain.

141 1654 163 73 «Le
234 1654 256 73 plaisir
420 1654 163 73 que
513 1654 140 73 me
583 1654 209 73 causa
722 1654 209 73 cette
862 1654 326 73 invitation
1118 1654 163 73 fut
1211 1654 233 73 encore
1350 1654 140 73 plus

93 1701 222 74 «grand
248 1701 155 74 que
337 1701 133 74 ma
404 1701 289 74 surprise;
625 1701 178 74 mais
736 1701 133 74 ce
803 1701 155 74 que
892 1701 133 74 je
958 1701 133 74 ne
1025 1701 244 74 pourrai
1202 1701 222 74 jamais
1336 1701 155 74 pein-

92 1766 199 62 «dre,
225 1766 199 62 c’est
357 1766 133 62 ce
424 1766 155 62 qui
512 1766 133 62 se
578 1766 199 62 passa
711 1766 177 62 dans
822 1766 155 62 mon
910 1766 155 62 âme
999 1766 111 62 à
1043 1766 133 62 la
1109 1766 155 62 vue
1198 1766 133 62 de
1264 1766 155 62 cet
1330 1766 155 62 homme

89 1811 191 65 «dont
216 1811 149 65 les
301 1811 170 65 yeux
407 1811 339 65 étincelaient
683 1811 127 65 de
746 1811 170 65 feu,
853 1811 255 65 d’esprit
1043 1811 127 65 et
1107 1811 382 65 d’imagination;
1404 1811 85 65 en

100 1857 171 56 «lui
207 1857 278 56 adressant
421 1857 129 56 la
485 1857 236 56 parole,
657 1857 129 56 je
721 1857 129 56 me
785 1857 214 56 sentis
935 1857 236 56 pénêtré
1106 1857 129 56 de
1171 1857 257 56 respect,
1342 1857 150 56 d’en-

85 1904 358 49 «thousiasme,
376 1904 358 49 d’admiration
667 1904 134 49 et
734 1904 134 49 de
801 1904 269 49 crainte;
1002 1904 336 49 j’éprouvais
1271 1904 112 49 à
1316 1904 134 49 la
1361 1904 134 49 fois

89 1961 246 49 «toutes
268 1961 157 49 ces
357 1961 336 49 sensations,
626 1961 246 49 lorsque
805 1961 134 49 M.
872 1961 134 49 de
939 1961 269 49 Voltaire
1141 1961 157 49 eut
1230 1961 134 49 la
1298 1961 201 49 bonté
1409 1961 90 49 de

93 1990 248 60 «mettre
274 1990 158 60 fin
364 1990 113 60 à
409 1990 158 60 mon
499 1990 293 60 embarras,
725 1990 135 60 en
793 1990 293 60 m’ouvrant
1018 1990 158 60 ses
1109 1990 180 60 deux
1221 1990 180 60 bras
1312 1990 180 60 pater-

96 2049 192 53 «nels,
230 2049 115 53 et
288 2049 173 53 en
403 2049 269 53 remerciant
614 2049 154 53 Dieu
710 2049 211 53 d’avoir
864 2049 154 53 créé
960 2049 115 53 un
1018 2049 154 53 être
1114 2049 134 53 qui
1191 2049 211 53 l’avait
1325 2049 173 53 ému

91 2093 192 58 «et
225 2093 231 58 attendri
398 2093 115 58 en
456 2093 250 58 proférant
648 2093 211 58 d’assés
802 2093 211 58 mauvais
955 2093 250 58 vers
1147 2093 115 58 Il
1205 2093 115 58 me
1263 2093 134 58 fit
1320 2093 173 58 ansaite

96 2136 299 68 «plusieurs
331 2136 278 68 questions
545 2136 150 68 sur
630 2136 150 68 mon
716 2136 193 68 état,
844 2136 150 68 sur
930 2136 193 68 celui
1058 2136 128 68 de
1122 2136 150 68 mon
1208 2136 193 68 père,
1336 2136 150 68 sur
1400 2136 86 68 la

90 2186 271 67 «manière
293 2186 180 67 dont
406 2186 248 67 j’avais
587 2186 158 67 été
677 2186 226 67 élevé,
835 2186 135 67 et
903 2186 158 67 sur
993 2186 158 67 mes
1083 2186 203 67 idées
1218 2186 135 67 de
1263 2186 226 67 fortune;

91 2237 205 62 «après
234 2237 225 62 l’avoir
397 2237 266 62 satisfait
602 2237 143 62 sur
684 2237 164 62 tous
786 2237 205 62 points
930 2237 123 62 et
991 2237 164 62 pris
1093 2237 123 62 ma
1155 2237 164 62 part
1257 2237 184 62 d’une
1359 2237 123 62 dou-

93 2276 222 64 «zaine
248 2276 133 64 de
315 2276 222 64 tasses
471 2276 133 64 de
537 2276 267 64 chocolat
737 2276 244 64 mélangé
915 2276 178 64 avec
1026 2276 133 64 du
1093 2276 222 64 caffé,
1249 2276 133 64 je
1315 2276 156 64 lui
1382 2276 111 64 ré-

91 2336 240 62 «pondis
266 2336 174 62 avec
375 2336 153 62 une
462 2336 240 62 fermeté
636 2336 305 62 intrépide,
876 2336 153 62 que
964 2336 131 62 je
1029 2336 131 62 ne
1094 2336 327 62 connaissais
1334 2336 153 62 d’au-

91 2377 183 58 «tre
206 2377 252 58 bonheur
389 2377 160 58 sur
481 2377 229 58 terre,
641 2377 160 58 que
733 2377 206 58 celui
870 2377 138 58 de
939 2377 206 58 jouer
1077 2377 138 58 la
1145 2377 275 58 comédie;
1329 2377 160 58 qu’un

96 2435 232 49 «hazard
265 2435 190 49 cruel
391 2435 127 49 et
455 2435 296 49 douloureux
687 2435 127 49 me
750 2435 253 49 laissant
940 2435 127 49 le
1004 2435 211 49 maître
1151 2435 127 49 de
1215 2435 148 49 mes
1278 2435 211 49 actions,

127 2473 124 51 et
189 2473 270 51 jouissant
397 2473 166 51 d’un
501 2473 187 51 petit
625 2473 290 51 patrimoine
853 2473 270 51 d’environ
1060 2473 166 51 sept
1164 2473 187 51 cents
1268 2473 228 51 cinquante

37 2480 117 62 «

100 2527 247 52 «livres
279 2527 134 52 de
346 2527 224 52 rente,
503 2527 247 52 j’avais
682 2527 179 52 lieu
794 2527 291 52 d’espérer
1018 2527 202 52 qu’en
1153 2527 336 52 abandonnant
1399 2527 90 52 le

99 2574 308 56 «commerce
336 2574 142 56 et
407 2574 142 56 le
478 2574 237 56 talent
644 2574 142 56 de
715 2574 166 56 mon
809 2574 213 56 père,
952 2574 142 56 je
1023 2574 142 56 ne
1094 2574 284 56 perdrais
1307 2574 189 56 rlea
1401 2574 95 56 au

97 2622 241 55 «change
272 2622 131 55 si
338 2622 131 55 je
403 2622 241 55 pouvais
578 2622 175 55 être
688 2622 197 55 admis
819 2622 131 55 un
885 2622 175 55 jour
994 2622 175 55 dans
1103 2622 131 55 la
1169 2622 219 55 troupe
1322 2622 153 55 des
1388 2622 109 55 co-

87 2673 292 51 «médiens
305 2673 146 51 du
378 2673 194 51 Roy.
500 2673 194 51 «Ah!
621 2673 170 51 mon
718 2673 194 51 ami,
840 2673 267 51 s’écria
1034 2673 146 51 M.
1107 2673 146 51 de
1180 2673 316 51 Voltaire,
1399 2673 97 51 ne

93 2717 245 51 «prenés
271 2717 223 51 jamais
427 2717 134 51 ce
494 2717 200 51 parti
627 2717 156 51 là,
716 2717 356 51 croyès-inoi;
1006 2717 200 51 joués
1140 2717 134 51 la
1206 2717 245 51 comédie
1362 2717 134 51 pour

91 2759 210 56 «votre
238 2759 272 56 plaisir,,
447 2759 168 56 mais
552 2759 168 56 n'en
657 2759 210 56 faites
804 2759 210 56 jamais
950 2759 189 56 votre
1076 2759 189 56 état;
1202 2759 189 56 c’est
1327 2759 126 56 le
1369 2759 126 56 plus

97 2801 201 70 «beau,
238 2801 121 70 le
298 2801 161 70 plus
399 2801 181 70 rare,
519 2801 121 70 le
580 2801 161 70 plus
680 2801 262 70 diffisile
881 2801 141 70 des
962 2801 241 70 talents,
1143 2801 161 70 mais
1243 2801 121 70 il
1304 2801 141 70 est
1364 2801 141 70 aviti
