1580 2944
637 80 154 83 —
699 80 216 83 459
791 80 93 83 —

88 174 246 64 sailles,
272 174 286 64 secrétaire
497 174 225 64 général
660 174 286 64 substitut.
886 174 184 64 Belle
1008 174 184 64 pièce
1131 174 143 64 gr.
1213 174 225 64 in-fol.
1377 174 123 64 20
1418 174 61 64 »

131 233 243 58 Brevet
301 233 146 58 de
373 233 340 58 nomination
640 233 146 58 de
713 233 170 58 Mme
810 233 146 58 la
883 233 267 58 baronne
1077 233 146 58 de
1150 233 267 58 Chabot,
1320 233 170 58 comme

79 278 168 57 Dame
184 278 126 57 de
247 278 126 57 la
310 278 231 57 société
477 278 126 57 de
540 278 231 57 charité
708 278 314 57 maternelle.
959 278 126 57 Au
1022 278 210 57 palais
1169 278 147 57 des
1232 278 251 57 Tuileries,

84 326 140 54 le
154 326 140 54 29
224 326 280 54 décembre
410 326 163 54 1812.

27 357 235 84 5494.
184 357 994 84 Marie-Adélaide-Clotilde-Xavière
1100 357 157 84 de
1152 357 340 84 France,

89 426 203 55 reine
225 426 135 55 de
292 426 315 55 Sardaigne,
540 426 180 55 sœur
653 426 135 55 de
720 426 203 55 Louis
855 426 180 55 XVI,
968 426 270 55 déclarée
1171 426 293 55 vénérable
1373 426 113 55 par

86 473 133 56 le
152 473 177 56 pape
263 473 155 56 Pie
352 473 177 56 VII,
462 473 133 56 en
529 473 199 56 1808.
662 473 133 56 L.
728 473 177 56 aut.
839 473 199 56 sig.,
972 473 111 56 à
1016 473 221 56 Mme...
1171 473 221 56 Turin,
1326 473 133 56 19
1370 473 111 56 fé-

94 523 182 43 vrier
215 523 182 43 1782.
336 523 101 43 1
377 523 121 43 p.
438 523 142 43 pl.
518 523 121 43 et
579 523 182 43 demie
700 523 182 43 in-4.
822 523 182 43 Belle
943 523 222 43 lettre.
1105 523 344 43 Intéressante.
1388 523 121 43 20
1428 523 61 43 »

38 551 190 66 5495.
164 551 400 66 Marillac
501 551 211 66 (Louis
649 551 168 66 de),
754 551 253 66 maréchal
943 551 126 66 de
1007 551 232 66 France.
1175 551 253 66 Décapité
1365 551 105 66 à
1386 551 105 66 Pa-

91 607 154 61 ris
179 607 132 61 en
245 607 197 61 1632.
376 607 132 61 L.
442 607 175 61 aut.
552 607 197 61 sig.,
683 607 110 61 à
727 607 132 61 M.
793 607 285 61 Hurville.
1012 607 132 61 De
1078 607 285 61 Beauman.,
1298 607 132 61 27
1341 607 154 61 mars,

103 655 145 84 huit
194 655 181 84 heures
320 655 109 84 du
375 655 181 84 matin.
502 655 91 84 2
538 655 109 84 p.
592 655 199 84 in-fol.
737 655 109 84 12
774 655 54 84 »

136 699 127 69 Il
199 699 149 69 lui
284 699 191 69 mande
412 699 191 69 qu’il
539 699 106 69 a
582 699 149 69 plu
667 699 106 69 à
709 699 170 69 Dieu
815 699 234 69 appeler
985 699 127 69 M.
1049 699 127 69 de
1113 699 361 69 Boislevesque,
1389 699 106 69 son

104 749 220 63 oncle,
258 749 110 63 à
302 749 154 63 une
390 749 176 63 plus
500 749 264 63 heureuse
698 749 176 63 vie,
808 749 132 63 et
874 749 264 63 l’engage
1072 749 110 63 à
1116 749 198 63 venir
1248 749 132 63 au
1292 749 198 63 plustôt

98 793 171 76 pour
204 793 171 76 être
311 793 235 76 présent
482 793 107 76 à
524 793 341 76 l’inventaire
802 793 149 76 des
887 793 192 76 biens
1015 793 128 76 et
1079 793 235 76 meubles
1249 793 128 76 du
1292 793 192 76 défunt,

109 848 119 67 et
169 848 199 67 autres
288 848 199 67 détails.

60 871 175 98 5496.
176 871 331 98 Michel
449 871 136 98 (le
526 871 175 98 grand
643 871 175 98 duc),
760 871 175 98 frère
877 871 117 98 de
935 871 272 98 l’empereur
1149 871 233 98 Nicolas.
1324 871 117 98 L.
1363 871 136 98 sig.,

91 954 116 55 à
137 954 140 55 M.
207 954 140 55 le
277 954 326 55 duc.......
533 954 512 55 Saint-Pétersbourg,
976 954 210 55 17-29
1115 954 186 55 mars
1232 954 210 55 1830.
1372 954 116 55 1
1395 954 93 55 p.

108 993 116 60 in-4.
185 993 64 60 5
198 993 39 60 »

49 1011 191 96 5497.
176 1011 383 96 Mignard
495 1011 276 96 (Pierre),
708 1011 234 96 premier
878 1011 234 96 peintre
1048 1011 128 96 de
1111 1011 191 96 Louis
1239 1011 170 96 XIV.
1324 1011 170 96 Quitt.

100 1083 189 67 sig.
219 1083 189 67 (sur
337 1083 260 67 parch.)
526 1083 142 67 de
597 1083 142 67 la
668 1083 213 67 somme
810 1083 142 67 de
881 1083 166 67 750
976 1083 260 67 livres.
1165 1083 237 67 Paris,
1330 1083 142 67 30
1378 1083 118 67 mai

108 1137 105 66 1680.
178 1137 70 66 13
201 1137 47 66 50

58 1164 192 75 5498.
186 1164 448 75 MHontbarey
569 1164 640 75 (Alexandre-Marie-Eléonore,
1145 1164 213 75 prince
1294 1164 171 75 de),
1379 1164 107 75 mi-

104 1221 191 67 nistre
238 1221 115 67 de
295 1221 115 67 la
352 1221 210 67 guerre.
505 1221 115 67 Né
563 1221 96 67 à
601 1221 363 67 Besançon
907 1221 229 67 (Doubs).
1079 1221 115 67 L.
1136 1221 153 67 aut.
1231 1221 172 67 sig.,
1346 1221 96 67 à
1384 1221 115 67 M.
1423 1221 76 67 le

106 1268 182 64 comte
227 1268 122 64 de
288 1268 284 64 Querhoeul.
511 1268 263 64 Besançon,
714 1268 142 64 1er
795 1268 162 64 oct.
896 1268 182 64 1790.
1018 1268 101 64 1
1058 1268 122 64 p.
1119 1268 182 64 in-4.
1241 1268 223 64 Cachet.
1403 1268 101 64 2
1423 1268 81 64 50

60 1315 171 66 5499.
174 1315 285 66 Napoléon
402 1315 228 66 Her,
573 1315 228 66 empereur
744 1315 133 66 des
820 1315 247 66 Français.
1010 1315 171 66 Pièce
1124 1315 171 66 sig.:
1219 1315 285 66 Napol

106 1364 177 64 avec
217 1364 266 64 paraphe.
416 1364 133 64 Au
482 1364 266 64 quartier
681 1364 266 64 impérial
880 1364 133 64 de
947 1364 243 64 Moscou,
1124 1364 133 64 13
1190 1364 243 64 octobre
1345 1364 155 64 1812.

116 1410 326 66 contresignée
381 1410 143 66 par
462 1410 163 66 Daru
564 1410 122 66 et
626 1410 143 66 par
707 1410 122 66 le
768 1410 143 66 duc
850 1410 122 66 de
911 1410 204 66 Massa.
1054 1410 184 66 Belle
1177 1410 184 66 pièce
1279 1410 224 66 (parch.),

113 1472 148 75 grand
211 1472 181 75 in-fol.
343 1472 99 75 20
376 1472 49 75 »

150 1496 336 83 Autorisation
423 1496 126 83 au
486 1496 231 83 général
654 1496 252 83 Bigarré,
844 1496 126 83 né
907 1496 105 83 à
949 1496 441 83 Belle-Ile-en-Mer,
1327 1496 126 83 de
1369 1496 126 83 res-

114 1575 151 50 ter
200 1575 129 50 au
264 1575 237 50 service
436 1575 129 50 du
501 1575 151 50 roi
565 1575 258 50 d’Espagne.

68 1597 167 83 5500
173 1597 376 83 Nemours
486 1597 209 83 (Louis
633 1597 293 83 d’Orléans,
863 1597 146 83 duc
946 1597 167 83 de).
1051 1597 125 83 L.
1114 1597 167 83 aut.
1218 1597 167 83 sig.
1302 1597 209 83 Neuilly,

114 1659 117 71 15
172 1659 156 71 juin
269 1659 175 71 1826.
386 1659 253 71 Demi-page
580 1659 175 71 in-8.
697 1659 117 71 15
736 1659 58 71 »

162 1710 256 60 Curieuse
353 1710 213 60 lettre
503 1710 128 60 du
566 1710 213 60 prince
694 1710 192 60 enfant.

70 1745 180 72 5501.
190 1745 360 72 Olivier
490 1745 300 72 (François),
730 1745 280 72 chancelier
950 1745 120 72 de
1010 1745 220 72 France.
1170 1745 120 72 L.
1230 1745 160 72 aut.
1330 1745 180 72 sig.,
1430 1745 80 72 au

115 1795 168 64 roi.
220 1795 126 64 De
283 1795 274 64 Leuville,
494 1795 126 64 le
557 1795 105 64 5
599 1795 147 64 mai
684 1795 190 64 1549.
810 1795 105 64 1
852 1795 126 64 p.
915 1795 190 64 in-4.
1042 1795 190 64 Trace
1168 1795 126 64 de
1231 1795 232 64 cachet,
1400 1795 126 64 15
1442 1795 63 64 »

170 1843 123 64 Il
231 1843 144 64 lui
313 1843 226 64 annonce
477 1843 185 64 qu’il
600 1843 144 64 lui
682 1843 226 64 renvoie
846 1843 144 64 les
928 1843 205 64 sceaux
1072 1843 123 64 de
1133 1843 205 64 France
1277 1843 123 64 et
1338 1843 123 64 de
1379 1843 123 64 Dau-

900 1889 109 64 —
944 1889 130 64 On
1009 1889 174 64 sait
1118 1889 152 64 que
1205 1889 130 64 le
1248 1889 261 64 chancelier

122 1891 213 69 phiné,
271 1891 191 69 ainsi
398 1891 191 69 qu’il
526 1891 128 69 le
590 1891 149 69 lui
675 1891 106 69 a
696 1891 234 69 commandé.

121 1944 234 56 Olivier
291 1944 170 56 aima
397 1944 191 56 mieux
525 1944 128 56 se
589 1944 255 56 démettre
780 1944 128 56 de
844 1944 128 56 sa
908 1944 213 56 charge
1056 1944 128 56 de
1120 1944 191 56 garde
1248 1944 149 56 des
1312 1944 191 56 sceaux.

125 1989 148 69 que
209 1989 127 69 de
273 1989 211 69 prêter
421 1989 127 69 la
484 1989 169 69 main
590 1989 148 69 aux
674 1989 338 69 prodigalités
949 1989 127 69 du
1012 1989 148 69 roi
1097 1989 169 69 pour
1202 1989 190 69 Diane
1329 1989 127 69 de
1371 1989 127 69 Poi

106 2047 155 55 tiers.

71 2070 183 90 5502.
193 2070 366 90 Orléans
497 2070 264 90 (Charles,
700 2070 142 90 duc
782 2070 163 90 d’),
883 2070 122 90 de
944 2070 183 90 Milan
1066 2070 122 90 et
1127 2070 122 90 de
1188 2070 223 90 Valois,
1350 2070 163 90 père
1432 2070 81 90 de

121 2137 186 57 Louis
245 2137 165 57 XII,
349 2137 207 57 poëte,
493 2137 289 57 prisonnier
721 2137 103 57 à
762 2137 124 57 la
824 2137 248 57 bataille
1010 2137 331 57 d’Azincourt.
1279 2137 186 57 Pièce
1382 2137 124 57 sig.

125 2176 168 76 (sur
230 2176 314 76 parchemin).
481 2176 210 76 Blois,
628 2176 126 76 16
691 2176 230 76 février
858 2176 189 76 1456.
984 2176 230 76 In-fol.
1152 2176 126 76 en
1215 2176 251 76 travers.
1403 2176 126 76 12
1445 2176 63 76 »

168 2237 244 56 Curieux
345 2237 244 56 détails
522 2237 155 56 sur
611 2237 155 56 une
700 2237 222 56 remise
855 2237 133 56 de
921 2237 244 56 fermage
1098 2237 199 56 faite
1231 2237 111 56 à
1275 2237 199 56 Jehan
1386 2237 111 56 Da-

120 2278 243 56 mesnil.
296 2278 176 56 pour
407 2278 132 56 le
473 2278 221 56 moulin
627 2278 199 56 qu’il
738 2278 199 56 occupe.

77 2306 186 77 5503.
202 2306 393 77 Perrault
533 2306 290 77 (Charles),
761 2306 207 77 membre
906 2306 124 77 de
968 2306 290 77 l’Académie
1195 2306 290 77 française,
1402 2306 104 77 au-

126 2377 151 57 teur
221 2377 133 57 des
296 2377 246 57 Contes
486 2377 133 57 des
561 2377 246 57 Fées
751 2377 189 57 Quitt.
883 2377 151 57 sig.
978 2377 151 57 (sur
1073 2377 208 57 parch.)
1224 2377 114 57 de
1281 2377 114 57 la
1338 2377 170 57 somme
1432 2377 76 57 de

133 2410 156 64 1829
231 2410 156 64 liv.
329 2410 117 64 13
387 2410 156 64 sous
485 2410 98 64 2
524 2410 234 64 deniers.
700 2410 195 64 Paris,
836 2410 117 64 19
895 2410 137 64 mai
973 2410 176 64 1693.
1090 2410 98 64 9
1109 2410 59 64 »

1068 2457 80 40 >XXX

1122 2448 378 75 (Saint

84 2471 150 73 5504.
184 2471 266 73 Piron
401 2471 216 73 (Alexis),
567 2471 166 73 poëte,
684 2471 133 73 A
767 2471 100 73 M.
817 2471 100 73 le
867 2471 150 73 comte
950 2471 133 73 de

134 2520 275 52 ministre
354 2520 110 52 et
409 2520 257 52 secrétaire
611 2520 202 52 d’Etat,
758 2520 110 52 en
813 2520 129 52 lui
887 2520 220 52 envoyant
1052 2520 129 52 une
1125 2520 165 52 jolie
1236 2520 202 52 poupée,
1364 2520 147 52 le

125 2558 205 73 jour
275 2558 112 73 de
331 2558 224 73 l’an
498 2558 168 73 1739.
610 2558 168 73 Pièce
722 2558 112 73 de
778 2558 149 73 vers
872 2558 149 73 aut.
965 2558 131 73 (sa
1040 2558 243 73 signature
1226 2558 112 73 se
1282 2558 187 73 trouve
1394 2558 112 73 dans

129 2618 110 54 le
184 2618 110 54 7e
239 2618 202 54 couplet
385 2618 128 54 qui
459 2618 183 54 suit).
587 2618 92 54 4
624 2618 110 54 p.
679 2618 128 54 pl.
752 2618 165 54 in-4.
862 2618 257 54 Très-jolie
1064 2618 183 54 pièce.
1192 2618 110 54 25
1229 2618 55 54 »

362 2652 223 79 «Tous
511 2652 273 79 hommes,
709 2652 223 79 géans
858 2652 149 79 ou
908 2652 198 79 nains,

486 2703 224 64 «Sont
611 2703 249 64 Bimbins,

364 2742 189 87 «Des
483 2742 237 87 Pirons
648 2742 308 87 jusqu’aux
861 2742 237 87 Pompées;
