1607 2952
626 60 171 76 —
694 60 240 76 469
797 60 103 76 —

342 141 284 83 «Lauriers
561 141 131 83 et
626 141 262 83 sceptres
823 141 131 83 et
867 141 109 83 tas

458 201 182 66 «De
536 201 208 66 ducas,

333 229 215 97 «Tout
476 229 191 97 cela
596 229 287 97 franches
787 229 239 97 Poupées.

315 296 404 72 ★★★★6
585 296 270 72 ★6
764 296 225 72 6
854 296 225 72 6
899 296 135 72 »

56 318 191 82 5505.
183 318 381 82 Poitou
501 318 127 82 L.
564 318 169 82 aut.
670 318 169 82 sig.
776 318 127 82 du
839 318 191 82 sieur
966 318 212 82 Baron,
1115 318 106 82 à
1157 318 254 82 Colbert.
1348 318 127 82 21
1390 318 127 82 juin

103 394 174 59 1662.
219 394 97 59 3
257 394 135 59 gr.
335 394 116 59 p.
393 394 174 59 in-4.
509 394 213 59 Cachets
664 394 116 59 et
722 394 194 59 soies.
857 394 329 59 Intéressante.
1128 394 116 59 25
1167 394 58 59 »

153 423 136 78 Le
221 423 204 78 sieur
357 423 136 78 de
425 423 136 78 la
493 423 317 78 Bemaudière
743 423 227 78 Dreux,
901 423 295 78 procureur
1128 423 136 78 du
1196 423 159 78 roi
1286 423 136 78 au
1332 423 181 78 bureau

106 491 145 59 des
189 491 270 59 finances,
397 491 104 59 à
438 491 270 59 Poitiers,
646 491 125 59 en
708 491 187 59 cette
833 491 228 59 qualité
999 491 187 59 étant
1123 491 208 59 obligé
1269 491 125 59 de
1310 491 187 59 conser.

115 535 150 57 ver
200 535 128 57 le
264 535 235 57 domaine
436 535 128 57 de
500 535 128 57 Sa
564 535 235 57 Majesté
735 535 128 57 en
800 535 235 57 Poitou,
971 535 128 57 se
1035 535 193 57 l’est
1164 535 171 57 fait
1271 535 235 57 adjuger
1420 535 86 57 en

106 585 191 58 1644,
233 585 170 58 sous
339 585 127 58 le
403 585 149 58 nom
488 585 127 58 de
552 585 212 58 Moenac
701 585 127 58 ou
764 585 170 58 quoi
871 585 149 58 que
956 585 127 58 ce
1019 585 170 58 soit
1126 585 106 58 a
1168 585 170 58 pris
1274 585 149 58 les
1338 585 170 58 droits

112 629 193 66 cédés
240 629 129 66 de
304 629 129 66 la
369 629 171 66 dame
476 629 257 66 Patrocle
669 629 129 66 et
733 629 129 66 du
797 629 193 66 sieur
926 629 214 66 Danse,
1076 629 129 66 et
1140 629 171 66 sous
1247 629 129 66 ce
1290 629 214 66 prêtexte

107 678 132 62 du
173 678 242 62 domaine
349 678 242 62 acheté,
524 678 198 62 s’est
656 678 220 62 emparé
810 678 132 62 de
876 678 220 62 toutes
1030 678 154 62 les
1118 678 220 62 forêts
1271 678 132 62 du
1315 678 198 62 Poitous

106 728 130 62 et
171 728 433 62 particulièrement
539 728 130 62 de
604 728 195 62 celle
734 728 130 62 de
799 728 130 62 la
864 728 281 62 Moulière,
1080 728 108 62 à
1123 728 173 62 deux
1232 728 216 62 lieues
1383 728 130 62 de
1426 728 87 62 la

115 785 193 54 ville
243 785 128 54 de
307 785 278 54 Poitiers,
521 785 128 54 et
586 785 128 54 en
650 785 107 54 a
693 785 171 54 joui
800 785 235 54 jusques
971 785 128 54 en
1035 785 235 54 l’année
1206 785 193 54 1665,
1313 785 193 54 pendant

110 820 200 62 lequel
250 820 180 62 temps
370 820 120 62 il
430 820 100 62 a
470 820 160 62 fait
570 820 200 62 couper
710 820 120 62 et
770 820 220 62 débiter
930 820 200 62 ladite
1070 820 200 62 forêt,
1210 820 120 62 et
1270 820 180 62 s’est
1370 820 140 62 enri-

116 885 144 50 chi
199 885 123 50 de
260 885 164 50 plus
363 885 123 50 de
425 885 164 50 cent
527 885 185 50 mille
651 885 185 50 écus,
774 885 123 50 et
836 885 226 50 crainte
1000 885 164 50 d’en
1103 885 164 50 être
1206 885 267 50 recherché
1391 885 123 50 dans

116 921 119 52 la
176 921 219 52 revente
335 921 179 52 qu’il
455 921 139 52 fit
534 921 119 52 du
594 921 139 52 dit
674 921 239 52 domaine,
853 921 119 52 il
913 921 119 52 se
972 921 119 52 le
1032 921 139 52 fit
1112 921 199 52 encore
1251 921 219 52 adjuger
1391 921 119 52 sous

116 969 131 65 le
182 969 153 65 nom
269 969 131 65 de
335 969 218 65 Leiger
487 969 262 65 Peiraut,
684 969 306 65 cordonnier
924 969 131 65 de
990 969 284 65 Poitiers,
1208 969 153 65 son
1296 969 218 65 valet;
1427 969 87 65 et

121 1019 171 59 pour
228 1019 321 59 s’autoriser
485 1019 278 59 davantage
699 1019 107 59 y
742 1019 236 59 associa
913 1019 129 59 M.
977 1019 129 59 le
1042 1019 150 59 duc
1127 1019 129 59 de
1192 1019 278 59 Rosannes,
1384 1019 129 59 gou-

113 1067 245 52 verneur
291 1067 134 52 de
358 1067 134 52 la
425 1067 290 52 province,
647 1067 134 52 et
714 1067 178 52 sous
826 1067 156 52 son
915 1067 267 52 autorité
1115 1067 134 52 et
1182 1067 134 52 de
1249 1067 134 52 la
1316 1067 200 52 bonté
1427 1067 89 52 et

117 1112 239 57 facilité
296 1112 199 57 duquel
435 1112 119 57 il
495 1112 199 57 abuse,
634 1112 119 57 il
694 1112 99 57 a
734 1112 159 57 fait
833 1112 199 57 mettre
973 1112 139 57 des
1052 1112 199 57 gardes
1192 1112 159 57 dans
1291 1112 199 57 ladite
1411 1112 99 57 fo-

117 1156 153 63 rêt
204 1156 153 63 qui
292 1156 131 63 en
357 1156 153 63 ont
444 1156 218 63 chassé
597 1156 174 63 tous
706 1156 153 63 les
793 1156 305 63 officiers,
1033 1156 174 63 tué,
1142 1156 174 63 volé
1251 1156 131 63 et
1295 1156 218 63 rançonné

114 1209 175 76 tous
223 1209 153 76 les
311 1209 240 76 pauvres
486 1209 240 76 paysans
661 1209 306 76 riverains,
901 1209 131 76 ce
967 1209 219 76 qu’ils
1120 1209 306 76 continuent
1338 1209 175 76 encore

114 1259 122 64 de
175 1259 244 64 présent,
358 1259 183 64 etc.,
459 1259 122 64 etc.

72 1290 173 75 5506.
187 1290 462 75 Pontchartraim
591 1290 192 75 (Louis
726 1290 423 75 Phélypeaux
1092 1290 173 75 comte
1207 1290 154 75 de),
1284 1290 231 75 chancelier

121 1356 124 81 de
183 1356 227 81 France.
349 1356 124 81 L.
411 1356 165 81 aut.
514 1356 186 81 sig.,
638 1356 103 81 à
679 1356 124 81 M.
741 1356 124 81 le
803 1356 269 81 Président
1010 1356 248 81 Croyset.
1196 1356 207 81 Marly,
1341 1356 124 81 14
1382 1356 124 81 jan-

119 1399 147 55 vier
211 1399 165 55 1711.
321 1399 92 55 1
358 1399 110 55 p.
413 1399 129 55 pl.
486 1399 110 55 et
541 1399 165 55 demie
652 1399 165 55 in-4.
762 1399 92 55 7
780 1399 74 55 50

164 1431 191 80 Belle
291 1431 127 80 et
355 1431 255 80 curieuse
546 1431 234 80 lettre,
716 1431 255 80 relative
907 1431 106 80 à
950 1431 127 80 M.
1013 1431 234 80 Arnoul,
1183 1431 149 80 qui
1268 1431 149 80 n’a
1332 1431 170 80 nulle-

114 1495 179 70 ment
226 1495 202 70 songé
360 1495 112 70 à
405 1495 246 70 étendre
584 1495 134 70 sa
651 1495 336 70 juridiction
920 1495 157 70 sur
1009 1495 134 70 la
1077 1495 314 70 Communauté
1323 1495 134 70 de
1368 1495 134 70 Mar

91 1546 292 61 seille.....

72 1579 178 77 5507.
191 1579 336 77 Racine
468 1579 238 77 (Louis),
646 1579 198 77 poëte.
785 1579 119 77 L.
844 1579 158 77 aut.
943 1579 178 77 sig.,
1062 1579 99 77 à
1101 1579 198 77 M.....
1240 1579 198 77 Paris,
1378 1579 119 77 15
1418 1579 99 77 dé-

120 1645 192 65 cembre
254 1645 173 65 1752.
369 1645 96 65 4
408 1645 115 65 p.
465 1645 134 65 pl.
542 1645 173 65 in-4.
657 1645 269 65 Très-belle
868 1645 211 65 lettre.
1022 1645 115 65 80
1060 1645 58 65 »

171 1683 149 72 ...
256 1683 128 72 Il
320 1683 149 72 lui
405 1683 256 72 renverra
597 1683 107 72 à
640 1683 277 72 plusieurs
854 1683 171 72 fois
960 1683 149 72 les
1046 1683 235 72 lettres
1216 1683 192 72 qu’il
1344 1683 107 72 a
1387 1683 128 72 eu
1430 1683 85 72 la

116 1733 200 64 bonté
249 1733 133 64 de
316 1733 155 64 lui
405 1733 355 64 communiquer.
693 1733 222 64 «Elles
849 1733 133 64 ne
915 1733 333 64 contiennent
1182 1733 155 64 pas
1271 1733 155 64 des
1337 1733 178 64 choses

115 1785 400 63 «intéressantes
448 1785 178 63 pour
560 1785 133 63 le
626 1785 245 63 public,
804 1785 178 63 mais
915 1785 200 63 elles
1049 1785 178 63 sont
1138 1785 378 63 très

118 1834 201 55 «pour
251 1834 201 55 nous,
385 1834 201 55 parce
519 1834 201 55 qu’en
653 1834 178 55 bien
764 1834 156 55 des
853 1834 267 55 endroits
1054 1834 201 55 elles
1188 1834 178 55 font
1277 1834 245 55 connoître

122 1881 158 51 «un
213 1881 181 51 cœur
326 1881 316 51 admirable.
574 1881 181 51 J’ai
687 1881 181 51 bien
800 1881 181 51 fait
913 1881 226 51 sentir
1071 1881 113 51 à
1116 1881 158 51 mon
1206 1881 203 51 fils,
1341 1881 135 51 ce
1387 1881 135 51 zèle

114 1934 286 60 «étonnant
334 1934 132 60 de
400 1934 154 60 son
488 1934 198 60 grand
620 1934 176 60 père
730 1934 176 60 pour
839 1934 154 60 ses
927 1934 198 60 amis;
1059 1934 132 60 il
1125 1934 154 60 est
1213 1934 264 60 toujours
1411 1934 110 60 à
1433 1934 88 60 la

126 1978 198 50 «Cour
258 1978 176 50 plus
368 1978 220 50 occupé
522 1978 198 50 d'eux
654 1978 154 50 que
742 1978 132 50 de
808 1978 132 50 sa
875 1978 264 50 fortune,
1073 1978 176 50 dont
1183 1978 132 50 il
1249 1978 220 50 paraît
1381 1978 132 50 tou-

118 2018 219 59 «jours
272 2018 263 59 content;
469 2018 132 59 et
535 2018 132 59 il
600 2018 132 59 se
666 2018 175 59 sert
776 2018 175 59 avec
885 2018 241 59 courage
1061 2018 153 59 des
1148 2018 175 59 amis
1258 2018 197 59 qu’il
1368 2018 153 59 étoit

126 2073 347 63 «quelquefois
409 2073 282 63 dangereux
626 2073 130 63 de
691 2073 326 63 servir.....
951 2073 130 63 M.
1017 2073 130 63 de
1082 2073 130 63 la
1147 2073 282 63 Beaumelle
1342 2073 174 63 est

123 2126 280 63 «toujours
339 2126 129 63 en
403 2126 280 63 Hollande?
619 2126 129 63 Je
683 2126 194 63 crois
812 2126 194 63 qu’on
942 2126 108 63 y
985 2126 108 63 a
1028 2126 237 63 imprimé
1200 2126 151 63 les
1286 2126 237 63 lettres
1437 2126 86 63 de

123 2170 184 57 «Mme
238 2170 138 57 de
307 2170 321 57 Maintenon;
559 2170 138 57 je
628 2170 275 57 voudrois
835 2170 161 57 les
926 2170 230 57 avoir:
1087 2170 207 57 elles
1225 2170 321 57 continuent
1454 2170 69 57 à

126 2215 200 64 «être
259 2215 155 64 icy
348 2215 178 64 d’un
459 2215 178 64 prix
570 2215 289 64 excessif.
792 2215 133 64 On
859 2215 155 64 m’a
948 2215 155 64 dit
1036 2215 200 64 qu’on
1170 2215 222 64 venoit
1325 2215 133 64 de
1370 2215 155 64 faire

125 2262 160 61 «en
217 2262 275 61 Hollande
423 2262 160 61 une
515 2262 252 61 édition
698 2262 160 61 des
790 2262 229 61 œuvres
950 2262 138 61 de
1019 2262 160 61 mon
1111 2262 183 61 père
1225 2262 138 61 en
1271 2262 252 61 Gvolumes;

126 2320 153 77 «on
213 2320 153 77 n’a
301 2320 131 77 pu
366 2320 131 77 me
432 2320 175 77 dire
541 2320 175 77 dans
650 2320 218 77 quelle
803 2320 218 77 ville,
956 2320 131 77 ni
1021 2320 131 77 ce
1086 2320 196 77 qu’on
1217 2320 196 77 avoit
1327 2320 196 77 ajoutté

124 2362 181 64 «aux
237 2362 429 64 tragédies......
576 2362 68 64 »

73 2388 161 79 5508.
180 2388 304 79 Robert
431 2388 251 79 (Léopold),
628 2388 197 79 peintre
771 2388 125 79 des
843 2388 412 79 Moissonneurs
1201 2388 107 79 et
1255 2388 125 79 des
1308 2388 215 79 Pé

134 2460 180 80 cheurs
273 2460 83 80 de
315 2460 291 80 l’Adriatique
564 2460 83 80 L.
606 2460 111 80 aut.
675 2460 125 80 sig.,
759 2460 69 80 à
786 2460 83 80 M.
828 2460 97 80 ...
883 2460 250 80 Venise
1092 2460 83 80 ce
1133 2460 83 80 20
1161 2460 222 80 juillet

138 2504 153 59 1834,
240 2504 188 59 fête
377 2504 102 59 du
428 2504 324 59 Rédempteur
701 2504 85 59 4
735 2504 102 59 p.
786 2504 119 59 pl.
854 2504 153 59 grand
956 2504 153 59 in-8.
1059 2504 102 59 70
1093 2504 51 59 »

173 2555 293 70 Nouvelles
399 2555 293 70 diverses.
624 2555 225 70 Accusé
782 2555 135 70 de
849 2555 293 70 réception
1074 2555 135 70 de
1142 2555 270 70 gravures
1345 2555 158 70 qui
1412 2555 113 70 ont

124 2606 175 56 fait
233 2606 262 56 plaisir.
430 2606 131 56 Il
496 2606 109 56 a
539 2606 284 56 plusieuas
758 2606 262 56 tableaux
955 2606 306 56 commencés:
1195 2606 197 56 c’est
1326 2606 153 56 lui
1392 2606 131 56 dire

130 2652 205 57 qu’il
267 2652 137 57 se
335 2652 251 57 dispose
518 2652 114 57 à
563 2652 228 57 rester
723 2652 251 57 quelque
905 2652 205 57 temps
1042 2652 114 57 :
1088 2652 160 57 «Je
1179 2652 137 57 me
1247 2652 205 57 porte
1361 2652 160 57 mieux

136 2707 168 51 «cet
241 2707 147 51 été
325 2707 147 51 que
409 2707 231 51 l’année
578 2707 273 51 dernière,
788 2707 126 51 ce
851 2707 147 51 qui
935 2707 273 51 contribue
1145 2707 105 51 à
1188 2707 126 51 me
1251 2707 189 51 faire
1356 2707 168 51 rester

127 2746 187 81 «ici.
252 2746 104 81 —
294 2746 167 81 Nous
398 2746 208 81 voyons
544 2746 125 81 de
606 2746 167 81 tems
710 2746 125 81 en
773 2746 167 81 tems
877 2746 146 81 des
960 2746 375 81 passans
1272 2746 146 81 qui
1335 2746 187 81 s’arré
