1527 2839
672 -5 234 108 46i
772 -5 100 108 —

69 119 202 61 «tent
203 119 180 61 plus
316 119 135 61 ou
383 119 225 61 moins;
541 119 135 61 du
608 119 202 61 reste
743 119 225 61 Venise
900 119 157 61 est
990 119 270 61 toujours
1170 119 270 61 Venise....

19 145 196 77 5809.
150 145 479 77 Bobespierre
563 145 196 77 (Mlle
694 145 283 77 Charlotte
911 145 174 77 de),
1020 145 174 77 sœur
1129 145 152 77 des
1216 145 174 77 deux
1303 145 174 77 Robes-

70 201 198 81 pierre
209 201 376 81 conventionnels.
526 201 198 81 Auteur
665 201 119 81 de
724 201 396 81 Mémoires
1061 201 119 81 L.
1120 201 178 81 aut.,
1239 201 99 81 à
1279 201 159 81 M...
1358 201 119 81 Sans

70 252 168 69 date.
182 252 149 69 Deux
275 252 168 69 tiers
387 252 112 69 de
443 252 168 69 pages
554 252 168 69 in-8.
666 252 112 69 12
703 252 56 69 »

113 291 170 89 Elle
219 291 128 89 ne
283 291 170 89 sait
389 291 170 89 s’il
496 291 234 89 connaît
666 291 128 89 ce
730 291 213 89 qu’est
878 291 128 89 La
942 291 234 89 Flotte,
1112 291 191 89 «Mais
1240 291 128 89 on
1304 291 149 89 m'a
1368 291 106 89 dit

69 326 285 99 «beaucoup
289 326 132 99 de
354 326 176 99 bien
464 326 132 99 de
530 326 176 99 lui,
640 326 132 99 il
706 326 154 99 est
793 326 176 99 venu
903 326 176 99 voir
1013 326 154 99 mon
1101 326 220 99 frère,
1254 326 132 99 et
1320 326 132 99 il
1364 326 110 99 est

67 410 191 60 «fort
194 410 149 60 lié
279 410 170 60 avec
386 410 213 60 Jauly,
535 410 255 60 patriote
726 410 234 60 génois,
897 410 149 60 qui
982 410 106 60 a
1024 410 234 60 traduit
1194 410 128 60 la
1237 410 234 60 proclama-

69 455 201 57 «tion
203 455 156 57 des
292 455 357 57 représentans
582 455 156 57 qui
672 455 179 57 sont
783 455 112 57 à
806 455 223 57 Nice...»

23 504 189 73 5510.
149 504 336 73 Rohan
422 504 315 73 (Charlotte,
674 504 273 73 princesse
884 504 168 73 de),
989 504 168 73 amie
1094 504 126 73 du
1157 504 147 73 duc
1220 504 252 73 d’Enghien.

69 553 130 71 L.
134 553 130 71 a.
199 553 151 71 s.,
285 553 108 71 à
329 553 130 71 M.
394 553 281 71 l’abbé...
610 553 173 71 sans
718 553 194 71 date.
847 553 108 71 2
891 553 130 71 p.
955 553 194 71 in-8.
1085 553 194 71 Jolie
1215 553 238 71 lettre.
1388 553 108 71 6
1409 553 65 71 »

23 590 187 76 5511.
148 590 354 76 Rollin
439 590 229 76 (l’abbé
606 590 270 76 Charles),
813 590 291 76 historien,
1042 590 208 76 membre
1188 590 125 76 de
1229 590 250 76 l’Académie

76 660 118 52 des
144 660 269 52 Inscriptions
362 660 101 52 et
413 660 320 52 Belles-Lettres.
682 660 101 52 Sa
733 660 219 52 signature
901 660 84 52 :
935 660 152 52 C.
1036 660 253 52 Rollin
1221 660 253 52 ancien

74 708 259 51 recteur
278 708 111 51 de
334 708 296 51 l’Université
574 708 111 51 et
630 708 259 51 professeur
833 708 167 51 roial
944 708 370 51 d’éloquence
1259 708 111 51 au
1314 708 130 51 bas
1370 708 111 51 d’un

72 750 165 51 acte
175 750 185 51 signé
299 750 144 51 par
381 750 123 51 le
443 750 185 51 curé,
566 750 123 51 le
628 750 226 51 vicaire
792 750 123 51 et
854 750 144 51 les
936 750 391 51 ecclésiastiques
1265 750 123 51 de
1327 750 123 51 la
1368 750 103 51 pa-

70 798 217 65 roisse
222 798 130 65 de
287 798 369 65 Saint-Etienne
592 798 130 65 du
657 798 174 65 Mont
765 798 152 65 (au
852 798 217 65 nombre
1004 798 130 65 de
1069 798 174 65 plus
1178 798 130 65 de
1221 798 261 65 quarante),

74 860 134 62 en
141 860 179 62 date
252 860 134 62 de
319 860 223 62 Paris,
476 860 134 62 le
543 860 134 62 26
610 860 290 62 septembre
833 860 201 62 1718.
967 860 112 62 4
1012 860 156 62 gr.
1101 860 134 62 p.
1168 860 179 62 pl.,
1258 860 223 62 in

77 889 152 61 avec
172 889 114 61 le
229 889 171 61 sceau
343 889 114 61 de
400 889 304 61 l’archevêque
646 889 114 61 de
703 889 190 61 Paris.
836 889 114 61 50
874 889 57 61 »

119 940 264 59 Adhésion
317 940 110 59 à
361 940 242 59 l’appel
536 940 132 59 du
602 940 264 59 cardinal
800 940 132 59 de
866 940 286 59 Noailles,
1086 940 308 59 archevêque
1327 940 132 59 de
1371 940 110 59 Pa-

69 1001 157 55 ris,
167 1001 196 55 contre
305 1001 118 55 la
363 1001 176 55 bulle
481 1001 412 55 Unigenitus
834 1001 118 55 du
893 1001 157 55 pape
991 1001 216 55 Clément
1148 1001 118 55 XI
1207 1001 118 55 au
1265 1001 157 55 pape
1344 1001 137 55 mieux

72 1044 284 56 conseillé
291 1044 131 56 et
356 1044 131 56 au
422 1044 197 56 futur
553 1044 240 56 Concile
727 1044 240 56 général
902 1044 284 56 librement
1121 1044 284 56 assemblé,
1317 1044 153 56 «Con-

70 1086 263 56 «vainçus
267 1086 197 56 aussi
399 1086 154 56 que
487 1086 219 56 ladite
640 1086 351 56 constitution
926 1086 132 56 en
991 1086 175 56 tant
1101 1086 241 56 qu’elle
1255 1086 219 56 condamne

69 1140 179 50 «des
180 1140 335 50 expressions
449 1140 313 50 consacrées
695 1140 156 50 par
784 1140 313 50 l’Ecriture
1030 1140 134 50 et
1097 1140 156 50 par
1186 1140 134 50 la
1231 1140 246 50 tradition

80 1185 220 63 «donne
234 1185 263 63 atteinte
431 1185 110 63 à
475 1185 132 63 la
541 1185 220 63 pureté
695 1185 154 63 des
783 1185 220 63 dogmes
936 1185 132 63 de
1002 1185 132 63 la
1068 1185 176 63 foy,
1178 1185 110 63 à
1222 1185 132 63 la
1265 1185 220 63 sainteté

74 1239 150 50 «de
159 1239 128 50 la
223 1239 214 50 morale
373 1239 321 50 chrétienne,
630 1239 150 50 aux
715 1239 214 50 règles
865 1239 128 50 de
929 1239 128 50 la
993 1239 321 50 discipline,
1250 1239 150 50 aux
1314 1239 171 50 droits

79 1281 149 52 «de
164 1281 340 52 l’Episcopat,
440 1281 106 52 à
482 1281 127 52 la
546 1281 234 52 liberté
716 1281 149 52 des
801 1281 212 52 écoles
950 1281 340 52 catholiques,
1226 1281 149 52 aux
1290 1281 191 52 maximes

74 1327 165 59 «de
169 1327 282 59 l’Eglise
380 1327 141 59 et
451 1327 259 59 royaume
639 1327 141 59 de
710 1327 259 59 France,
898 1327 212 59 avons
1039 1327 235 59 adhéré
1204 1327 141 59 et
1251 1327 235 59 adhérons

69 1374 194 55 «par
190 1374 169 55 ces
287 1374 315 55 présentes
529 1374 121 55 à
577 1374 266 55 l’appel
771 1374 145 55 de
844 1374 218 55 notre
989 1374 169 55 dit
1086 1374 291 55 seigneur
1279 1374 194 55 arche-

70 1424 235 76 «vêque,
241 1424 192 76 etc.,
369 1424 192 76 etc.,
476 1424 128 76 etc.

30 1463 185 78 5512.
154 1463 247 78 Santa
339 1463 247 78 Cruz
524 1463 144 78 (le
606 1463 226 78 marquis
771 1463 165 78 de).
874 1463 123 78 L.
936 1463 165 78 avec
1038 1463 123 78 la
1100 1463 329 78 souscription
1347 1463 144 78 d’une

74 1527 186 59 ligne
198 1527 165 59 aut.
302 1527 165 59 sig.
405 1527 145 59 (en
488 1527 289 59 espagnol),
715 1527 124 59 au
777 1527 145 59 roi
860 1527 289 59 d’Espagne.
1087 1527 289 59 Gibraltar,
1315 1527 124 59 30
1356 1527 124 59 sep-

75 1574 185 66 tembre
204 1574 167 66 1540.
315 1574 93 66 3
352 1574 130 66 gr.
426 1574 111 66 p.
482 1574 204 66 in-fol.
630 1574 204 66 Cachet.
778 1574 111 66 20
815 1574 56 66 »

110 1622 231 62 Superbe
278 1622 210 62 lettre
425 1622 147 62 sur
509 1622 126 62 le
572 1622 231 62 pillage
740 1622 126 62 de
803 1622 273 62 Gibraltar
1013 1622 147 62 par
1097 1622 147 62 les
1160 1622 189 62 Maures.

27 1679 185 70 5513.
151 1679 328 70 Talma
418 1679 226 70 célèbre
582 1679 287 70 tragédien.
808 1679 123 70 L.
869 1679 164 70 aut.
972 1679 185 70 sig.,
1095 1679 103 70 à
1136 1679 123 70 M.
1198 1679 123 70 de
1239 1679 246 70 Saint-

70 1733 167 62 rice.
182 1733 93 62 1
219 1733 111 62 p.
274 1733 130 62 pl.
348 1733 111 62 et
404 1733 167 62 demie
515 1733 167 62 in-4.
626 1733 259 62 Très-belle
830 1733 204 62 lettre.
978 1733 111 62 30
1015 1733 56 62 »

114 1768 128 77 Il
178 1768 149 77 lui
263 1768 213 77 envoie
412 1768 128 77 un
476 1768 213 77 billet
625 1768 128 77 de
689 1768 128 77 sa
753 1768 170 77 main
859 1768 170 77 pour
966 1768 128 77 la
1030 1768 256 77 première
1200 1768 277 77 représenta-

69 1835 149 50 tion
163 1835 112 50 de
219 1835 261 50 l'Ecole
424 1835 131 50 des
498 1835 354 50 Vieillards,
797 1835 112 50 et
853 1835 205 50 profite
1002 1835 112 50 de
1058 1835 168 50 cette
1170 1835 224 50 occasion
1338 1835 149 50 pour
1412 1835 75 50 se

75 1881 268 67 plaindre
276 1881 112 67 à
320 1881 156 67 lui
410 1881 179 67 d’un
521 1881 246 67 article
700 1881 201 67 assez
834 1881 246 67 obscur,
1012 1881 179 67 mais
1102 1881 379 67 très

76 1935 169 55 pour
181 1935 169 55 lui,
287 1935 211 55 inséré
435 1935 127 55 il
498 1935 106 55 y
540 1935 106 55 a
582 1935 253 55 quelques
772 1935 190 55 jours
899 1935 169 55 dans
1004 1935 148 55 son
1068 1935 253 55 journal...

22 1956 193 78 5514.
150 1956 429 78 Tamburini
515 1956 386 78 (Michel-Ange),
837 1956 236 78 général
1008 1956 150 78 des
1094 1956 279 78 Jésuites.
1308 1956 129 78 L.
1351 1956 129 78 aut.

72 2030 168 56 sig.
177 2030 147 56 (en
261 2030 273 56 italien),
471 2030 126 56 au
534 2030 252 56 cardinal
723 2030 126 56 de
786 2030 273 56 Baglione.
995 2030 189 56 Rome,
1121 2030 126 56 19
1184 2030 231 56 janvier
1331 2030 147 56 1707.

84 2070 97 62 1
122 2070 116 62 p.
180 2070 135 62 pl.
258 2070 174 62 in-4.
374 2070 252 62 Enveloppe
568 2070 155 62 avec
664 2070 116 62 le
722 2070 194 62 cachet
858 2070 116 62 de
916 2070 116 62 la
974 2070 232 62 Société.
1148 2070 116 62 10
1187 2070 58 62 »

30 2102 184 93 5515.
153 2102 349 93 Tencin
440 2102 369 93 (Pierre-Guérin
747 2102 164 93 de),
850 2102 267 93 cardinal,
1055 2102 287 93 archevêque
1260 2102 226 93 d’Embrun,

83 2175 212 71 ministre
242 2175 194 71 d’Etat.
384 2175 106 71 L.
436 2175 141 71 aut.
525 2175 159 71 sig.,
631 2175 88 71 à
666 2175 106 71 M.
719 2175 106 71 le
772 2175 265 71 chancelier.
984 2175 177 71 Paris,
1107 2175 88 71 7
1125 2175 159 71 juillet

81 2221 171 68 1751.
195 2221 209 68 Demi-p.
346 2221 171 68 in-4.
460 2221 95 68 3
479 2221 57 68 »

22 2249 194 107 5516.
152 2249 367 107 Turgot
454 2249 561 107 (Anne-Robert-Jacques),
950 2249 324 107 économiste,
1209 2249 259 107 ministre
1381 2249 108 107 des

77 2319 265 63 finances.
281 2319 122 63 L.
342 2319 122 63 a.
403 2319 143 63 s.,
485 2319 102 63 à
525 2319 163 63 M..,
627 2319 245 63 Limoges,
811 2319 122 63 10
872 2319 224 63 janvier
1035 2319 184 63 1766.
1158 2319 102 63 2
1198 2319 122 63 p.
1260 2319 184 63 in-4.
1382 2319 102 63 7
1402 2319 82 63 50

25 2374 194 66 5517.
155 2374 431 66 Voitaire
521 2374 216 66 Lettre
672 2374 151 66 aux
758 2374 280 66 Parisiens
974 2374 151 66 par
1060 2374 216 66 Jérôme
1211 2374 216 66 Carré.
1340 2374 151 66 Trois

82 2439 209 61 grandes
234 2439 171 61 pages
348 2439 209 61 pleines
500 2439 114 61 et
557 2439 171 61 quart
671 2439 209 61 in-fol.
823 2439 114 61 25
861 2439 57 61 »

121 2471 198 66 Cette
253 2471 263 66 curieuse
450 2471 220 66 lettre
604 2471 154 66 est
692 2471 329 66 entièrement
955 2471 132 66 de
1021 2471 132 66 la
1087 2471 176 66 main
1197 2471 132 66 de
1241 2471 241 66 Wagnière,

74 2528 314 56 secrétaire
320 2528 135 56 de
387 2528 291 56 Voltaire,
612 2528 179 56 elle
724 2528 112 56 a
769 2528 157 56 été
858 2528 269 56 imprimée
1060 2528 179 56 dans
1172 2528 157 56 les
1262 2528 224 56 œuvres
1396 2528 90 56 en

85 2572 155 64 tête
182 2572 116 64 de
240 2572 427 64 l'Ecossaise
608 2572 116 64 et
666 2572 310 64 précédemment
919 2572 291 64 séparément.
1151 2572 233 64 Voltaire
1326 2572 97 64 a
1345 2572 136 64 écrit

85 2628 110 58 en
140 2628 165 58 tête:
250 2628 147 58 A
341 2628 238 58 Messieurs
525 2628 128 58 les
598 2628 257 58 Parisiens.
782 2628 293 58 Messieurs

30 2675 186 73 5518.
155 2675 456 73 Wallenstein
548 2675 580 73 (Albert-Venceslas-Eusèbe
1066 2675 124 73 de
1128 2675 290 73 Waldstein,
1335 2675 145 73 dit),
