1538 3069
593 121 183 86 —
630 121 183 86 462

63 217 158 76 duc
154 217 135 76 de
221 217 316 76 Friedland,
469 217 248 76 célèbre
650 217 248 76 général
830 217 135 76 de
898 217 135 76 la
966 217 226 76 guerre
1124 217 135 76 de
1191 217 226 76 Trente
1327 217 135 76 ans.

65 275 264 54 Assassiné
268 275 122 54 en
329 275 183 54 1634.
451 275 183 54 Pièce
572 275 162 54 sig.
674 275 122 54 de
735 275 142 54 ses
816 275 264 54 initiales
1019 275 142 54 (en
1100 275 284 54 allemand).
1324 275 102 54 9
1344 275 122 54 mars

58 328 170 71 1630.
172 328 95 71 1
209 328 113 71 p.
266 328 208 71 in-fol.
417 328 208 71 Cachet.
568 328 113 71 15
606 328 57 71 »

54 410 132 69 Les
130 410 208 69 lettres
281 410 114 69 et
338 410 132 69 les
414 410 265 69 manuscrits
622 410 246 69 originaux
811 410 151 69 dont
905 410 114 69 se
962 410 208 69 compose
1113 410 114 69 la
1170 410 246 69 précieuse
1340 410 114 69 cor-

16 468 289 58 respondance
247 468 154 58 dont
343 468 251 58 l’annonce
536 468 173 58 suit,
652 468 154 58 sont
748 468 193 58 vendus
883 468 289 58 séparément,
1114 468 116 58 et
1172 468 96 58 à
1210 468 135 58 des
1288 468 154 58 prix
1365 468 96 58 qui

16 514 130 44 ont
91 514 130 44 été
165 514 333 44 invariablement
442 514 185 44 fixés.
572 514 111 44 Il
627 514 204 44 suffira
775 514 111 44 de
831 514 222 44 recourir
997 514 93 44 à
1034 514 111 44 ce
1090 514 167 44 livre
1201 514 148 44 pour
1293 514 167 44 juger
1386 514 74 44 de

16 555 309 54 l’importance
266 555 116 54 de
324 555 135 54 ces
401 555 270 54 originaux,
614 555 116 54 et
671 555 174 54 faire
787 555 135 54 son
864 555 174 54 choix
980 555 116 54 en
1038 555 174 54 toute
1153 555 309 54 connaissance
1385 555 77 54 de

200 594 177 56 cause.
324 594 88 56 —
359 594 247 56 Toutefois,
554 594 106 56 ce
607 594 159 56 choix
713 594 106 56 ne
766 594 177 56 pourra
890 594 141 56 plus
978 594 177 56 porter
1102 594 124 56 que
1172 594 124 56 sur
1243 594 106 56 la
1278 594 177 56 première

22 644 191 48 partie
155 644 133 48 (ou
232 644 210 48 premier
384 644 191 48 volume
518 644 114 48 du
575 644 286 48 manuscri.),
804 644 114 48 la
861 644 210 48 seconde
1013 644 172 48 étant
1128 644 286 48 entièrement
1338 644 114 48 ven-

23 679 138 50 due,
109 679 86 50 à
143 679 259 50 l’exception
350 679 103 50 du
402 679 172 50 cahier
523 679 121 50 des
592 679 207 50 Notes
747 679 103 50 de
799 679 172 50 l'abbé
919 679 172 50 Guéton
1040 679 138 50 pour
1109 679 345 50 l'intelligence

19 724 176 51 des
143 724 176 51 œuvres
266 724 106 51 de
319 724 194 51 Boileau
460 724 299 51 Despréaux
706 724 159 51 (avec
812 724 106 51 de
865 724 247 51 nombreuses
1059 724 264 51 corrections
1270 724 106 51 de
1323 724 106 51 la
1358 724 106 51 main

20 764 108 50 de
74 764 198 50 Boileau
218 764 252 50 Despréaux)
417 764 180 50 sur
543 764 108 50 la
597 764 198 50 préface
741 764 108 50 de
795 764 234 50 l’édition
975 764 144 50 in-4
1065 764 180 50 de
1192 764 162 50 1701.
1300 764 108 50 20
1336 764 126 50 pages

686 805 122 52 pleines
775 805 67 52 et
808 805 100 52 demie
875 805 100 52 grand
942 805 122 52 in-fol.
1030 805 56 52 —
1053 805 78 52 Les
1097 805 167 52 autographes
1231 805 67 52 de
1264 805 122 52 Boileau
1342 805 122 52 Despréaux

16 849 149 50 sont
110 849 187 50 rares,
241 849 112 50 et
297 849 149 50 tous
390 849 149 50 ceux
483 849 112 50 de
539 849 168 50 notre
652 849 206 50 recueil
801 849 149 50 sont
894 849 149 50 dans
988 849 112 50 le
1044 849 224 50 meilleur
1212 849 149 50 état
1306 849 112 50 de
1343 849 112 50 con

-3 890 235 71 servation.

257 1001 612 100 ORRESPONDANCE
747 1001 490 100 LITTERAIRE

626 1087 196 70 ENTRE

-49 1180 1441 81 DOILRAODRSPRAUE

657 1260 126 53 ET

286 1295 803 140 BROSSETTE

180 1435 327 64 PUBLIÉE
418 1435 208 64 SUR
537 1435 208 64 LES
655 1435 416 64 MANUSCRITS
952 1435 327 64 ORIGINAUX

463 1478 167 76 PAR
558 1478 262 76 AUGUSTE
725 1478 310 76 LAVERDE

299 1545 464 65 INTRODUCTION
686 1545 180 65 PAR
789 1545 155 65 M.
866 1545 232 65 JULES
995 1545 180 65 JANIN

340 1600 237 69 Première
530 1600 316 69 éditioncomplète,
798 1600 189 69 enpartie
924 1600 221 69 inédite

79 1647 103 82 Un
130 1647 137 82 vol.
216 1647 137 82 in-8
302 1647 103 82 de
353 1647 223 82 XXXII-608
524 1647 171 82 pages,
644 1647 137 82 avec
730 1647 120 82 six
798 1647 257 82 fac-simile,
1004 1647 103 82 et
1055 1647 103 82 la
1107 1647 240 82 généalogie
1295 1647 103 82 de
1329 1647 69 82 la

471 1702 199 63 famille
615 1702 108 63 de
670 1702 199 63 Boileau
796 1702 217 63 Despréaux.

1250 1780 111 61 10
1287 1780 93 61 fr.

162 1778 280 80 Prix,
348 1778 311 80 papier
566 1778 280 80 carré
721 1778 466 80 vélin........

279 1838 278 61 papier
474 1838 250 61 grand
640 1838 278 61 raisin
807 1838 389 61 vélin.......

1247 1826 119 58 15
1287 1826 99 58 fr.

172 1884 87 27 —

274 1882 316 43 papier
496 1882 285 43 grand
686 1882 316 43 raisin
876 1882 316 43 vergé...

1242 1873 125 71 15
1284 1873 104 71 fr.

181 1903 113 56 Il
238 1903 94 56 a
275 1903 131 56 été
350 1903 150 56 tiré
444 1903 263 56 vingt-cinq
650 1903 281 56 exemplaires
875 1903 131 56 sur
950 1903 188 56 papier
1063 1903 131 56 grand

59 1950 175 72 raisin
182 1950 158 72 fort,
287 1950 175 72 vergé,
410 1950 245 72 numérotés,
603 1950 140 72 avec
691 1950 158 72 titre
796 1950 193 72 imprimé
936 1950 140 72 noir
1024 1950 105 72 et
1059 1950 140 72 rouge,

39 1996 205 44 et
141 1996 341 44 collés
380 1996 307 44 après
550 1996 648 44 l’impression.....

1241 1987 124 60 30
1283 1987 103 60 fr.

53 2031 237 64 L’épitaphe
239 2031 102 64 de
290 2031 169 64 Racine
409 2031 118 64 par
476 2031 186 64 Boileau
612 2031 237 64 Despréaux,
798 2031 220 64 conservée
967 2031 135 64 dans
1052 2031 203 64 l’église
1187 2031 271 64 Saint-

21 2083 214 60 du-Mont,
182 2083 107 60 et
235 2083 250 60 reproduite
431 2083 143 60 dans
521 2083 107 60 ce
574 2083 196 60 volume,
717 2083 89 60 a
753 2083 125 60 été
824 2083 161 60 tirée
931 2083 89 60 à
967 2083 143 60 part
1056 2083 143 60 pour
1145 2083 125 60 les
1216 2083 161 60 trois
1305 2083 161 60 papiers

19 2115 158 63 grand
125 2115 193 63 raisin,
248 2115 211 63 seulement.

60 2151 212 80 Nous
214 2151 347 80 commencerons,
503 2151 154 80 dans
600 2151 116 80 le
657 2151 212 80 premier
812 2151 193 80 numéro
946 2151 116 80 de
1004 2151 116 80 la
1062 2151 212 80 seconde
1216 2151 174 80 série
1313 2151 154 80 de

20 2231 165 55 ce
130 2231 257 55 catalogue,
332 2231 276 55 l’insertion
553 2231 110 55 de
608 2231 221 55 nombreux
773 2231 221 55 dossiers
939 2231 239 55 contenant
1123 2231 129 55 des
1196 2231 202 55 lettres
1325 2231 147 55 de

19 2273 262 62 membres
225 2273 112 62 de
281 2273 224 62 familles
449 2273 187 62 nobles
580 2273 112 62 de
636 2273 206 62 France,
786 2273 224 62 acquises
954 2273 131 62 par
1029 2273 150 62 nous
1122 2273 93 62 à
1160 2273 112 62 la
1216 2273 168 62 vente
1309 2273 150 62 de

12 2319 94 70 M.
59 2319 328 70 Villenave
325 2319 47 70 —

372 2322 201 77 Pour
518 2322 146 77 plus
609 2322 109 77 de
664 2322 219 77 facilité
828 2322 146 77 dans
919 2322 128 77 les
992 2322 255 77 recherches
1174 2322 292 77 concernant

19 2372 171 72 ces
139 2372 223 72 familles,
310 2372 188 72 l’ordre
447 2372 274 72 alphabétique
670 2372 137 72 sera
738 2372 206 72 suiv.

549 2432 218 82 Sous
688 2432 237 82 presse

10 2486 296 72 CATALOGUE
238 2486 205 72 d’une
374 2486 205 72 belle
511 2486 319 72 collection
761 2486 137 72 de
830 2486 250 72 lettres
1012 2486 364 72 autographes,
1285 2486 182 72 manus-

57 2545 205 70 crits,
200 2545 266 70 documents
405 2545 328 70 historiques,
671 2545 184 70 etc.,
794 2545 266 70 provenant
999 2545 123 70 de
1060 2545 266 70 plusienrs
1245 2545 225 70 cahinets,

64 2595 173 71 dont
173 2595 130 71 la
238 2595 195 71 vente
368 2595 173 71 aura
476 2595 173 71 lieu
584 2595 130 71 au
649 2595 217 71 moisde
801 2595 173 71 mars
888 2595 238 71 prochain.

650 2649 158 54 >RR>OOCEb

188 2695 182 67 <Ce
315 2695 182 67 numéro
443 2695 127 67 n’a
515 2695 127 67 été
588 2695 237 67 distribué
770 2695 127 67 que
843 2695 109 67 le
898 2695 109 67 28
952 2695 273 67 février
1153 2695 127 67 1861.

463 2746 148 87 FIN
547 2746 127 87 DE
611 2746 127 87 LA
674 2746 254 87 FREMIÈRE
844 2746 169 87 SÉRIE,

313 2836 198 58 Paris.
452 2836 99 58 —
492 2836 159 58 Typ.
591 2836 238 58 Gaittet,
769 2836 139 58 rue
849 2836 317 58 Git-le-Cœur,
1087 2836 79 58 7.
