<?xml version='1.0' encoding='UTF8'?>
<alto xmlns:xsi="http://www.w3.org/2001/XMLSchema-instance" xmlns="http://www.loc.gov/standards/alto/ns-v2#" xmlns:page="http://schema.primaresearch.org/PAGE/gts/pagecontent/2013-07-15" xsi:schemaLocation="http://www.loc.gov/standards/alto/ns-v2# http://www.loc.gov/standards/alto/alto.xsd">
  <Description>
    <MeasurementUnit>mm10</MeasurementUnit>
    <sourceImageInformation>
         <fileName>224.jpg</fileName>
      </sourceImageInformation>
    <OCRProcessing ID="IdOcr">
      <ocrProcessingStep>
        <processingDateTime>2020-10-13T13:55:01.326+02:00</processingDateTime>
        <processingSoftware>
               <softwareCreator>CONTRIBUTORS</softwareCreator>
               <softwareName>pdfalto</softwareName>
               <softwareVersion>0.1</softwareVersion>
            </processingSoftware>
      </ocrProcessingStep>
    </OCRProcessing>
  </Description>
  <Styles>
   <TextStyle ID="FONT0" FONTFAMILY="unknown" FONTSIZE="unknown" FONTSTYLE=""/>
   <TextStyle ID="FONT1" FONTFAMILY="unknown" FONTSIZE="unknown" FONTSTYLE="bold"/>
   <TextStyle ID="FONT2" FONTFAMILY="unknown" FONTSIZE="unknown" FONTSTYLE="italics"/>
  </Styles>
  <Tags/>
  <Layout>
    <Page ID="Page1" PHYSICAL_IMG_NR="1" HEIGHT="3065" WIDTH="1662">
      <PrintSpace HEIGHT="2752" WIDTH="1459" VPOS="76" HPOS="131">
        <TextBlock ID="r_1_1" HEIGHT="43" WIDTH="240" VPOS="86" HPOS="731">
          <TextLine ID="tl_1" BASELINE="156" HEIGHT="90" WIDTH="260" VPOS="66" HPOS="722">
            <String HEIGHT="90" WIDTH="186" VPOS="66" HPOS="685" CONTENT="—" ID="tl_1_1" STYLEREFS="FONT0"/>
            <SP HEIGHT="90" WIDTH="37" VPOS="66" HPOS="871"/>
            <String HEIGHT="90" WIDTH="260" VPOS="66" HPOS="759" CONTENT="196" ID="tl_1_2" STYLEREFS="FONT0"/>
            <SP HEIGHT="90" WIDTH="37" VPOS="66" HPOS="1019"/>
            <String HEIGHT="90" WIDTH="111" VPOS="66" HPOS="871" CONTENT="—" ID="tl_1_3" STYLEREFS="FONT0"/>
          </TextLine>
        </TextBlock>
        <TextBlock ID="r_1_2" HEIGHT="60" WIDTH="1408" VPOS="169" HPOS="143">
          <TextLine ID="tl_2" BASELINE="241" HEIGHT="79" WIDTH="1424" VPOS="162" HPOS="134">
            <String HEIGHT="79" WIDTH="207" VPOS="162" HPOS="111" CONTENT="2502." ID="tl_2_1" STYLEREFS="FONT0"/>
            <SP HEIGHT="79" WIDTH="23" VPOS="162" HPOS="318"/>
            <String HEIGHT="79" WIDTH="345" VPOS="162" HPOS="249" CONTENT="Charrier" ID="tl_2_2" STYLEREFS="FONT1"/>
            <SP HEIGHT="79" WIDTH="23" VPOS="162" HPOS="593"/>
            <String HEIGHT="79" WIDTH="138" VPOS="162" HPOS="524" CONTENT="de" ID="tl_2_3" STYLEREFS="FONT1"/>
            <SP HEIGHT="79" WIDTH="23" VPOS="162" HPOS="662"/>
            <String HEIGHT="79" WIDTH="138" VPOS="162" HPOS="593" CONTENT="La" ID="tl_2_4" STYLEREFS="FONT1"/>
            <SP HEIGHT="79" WIDTH="23" VPOS="162" HPOS="731"/>
            <String HEIGHT="79" WIDTH="322" VPOS="162" HPOS="662" CONTENT="Roche," ID="tl_2_5" STYLEREFS="FONT1"/>
            <SP HEIGHT="79" WIDTH="23" VPOS="162" HPOS="984"/>
            <String HEIGHT="79" WIDTH="367" VPOS="162" HPOS="915" CONTENT="constituant," ID="tl_2_6" STYLEREFS="FONT0"/>
            <SP HEIGHT="79" WIDTH="23" VPOS="162" HPOS="1282"/>
            <String HEIGHT="79" WIDTH="230" VPOS="162" HPOS="1213" CONTENT="évêque" ID="tl_2_7" STYLEREFS="FONT0"/>
            <SP HEIGHT="79" WIDTH="23" VPOS="162" HPOS="1443"/>
            <String HEIGHT="79" WIDTH="138" VPOS="162" HPOS="1374" CONTENT="de" ID="tl_2_8" STYLEREFS="FONT0"/>
            <SP HEIGHT="79" WIDTH="23" VPOS="162" HPOS="1512"/>
            <String HEIGHT="79" WIDTH="138" VPOS="162" HPOS="1420" CONTENT="Ver" ID="tl_2_9" STYLEREFS="FONT0"/>
          </TextLine>
        </TextBlock>
        <TextBlock ID="r_1_3" HEIGHT="111" WIDTH="1366" VPOS="218" HPOS="186">
          <TextLine ID="tl_3" BASELINE="284" HEIGHT="73" WIDTH="1381" VPOS="211" HPOS="178">
            <String HEIGHT="73" WIDTH="267" VPOS="211" HPOS="156" CONTENT="sailles," ID="tl_3_1" STYLEREFS="FONT0"/>
            <SP HEIGHT="73" WIDTH="22" VPOS="211" HPOS="423"/>
            <String HEIGHT="73" WIDTH="156" VPOS="211" HPOS="356" CONTENT="1er" ID="tl_3_2" STYLEREFS="FONT0"/>
            <SP HEIGHT="73" WIDTH="22" VPOS="211" HPOS="512"/>
            <String HEIGHT="73" WIDTH="267" VPOS="211" HPOS="445" CONTENT="aumonier" ID="tl_3_3" STYLEREFS="FONT0"/>
            <SP HEIGHT="73" WIDTH="22" VPOS="211" HPOS="713"/>
            <String HEIGHT="73" WIDTH="134" VPOS="211" HPOS="646" CONTENT="de" ID="tl_3_4" STYLEREFS="FONT0"/>
            <SP HEIGHT="73" WIDTH="22" VPOS="211" HPOS="779"/>
            <String HEIGHT="73" WIDTH="290" VPOS="211" HPOS="713" CONTENT="Napoléon." ID="tl_3_5" STYLEREFS="FONT0"/>
            <SP HEIGHT="73" WIDTH="22" VPOS="211" HPOS="1002"/>
            <String HEIGHT="73" WIDTH="134" VPOS="211" HPOS="935" CONTENT="L." ID="tl_3_6" STYLEREFS="FONT0"/>
            <SP HEIGHT="73" WIDTH="22" VPOS="211" HPOS="1069"/>
            <String HEIGHT="73" WIDTH="178" VPOS="211" HPOS="1002" CONTENT="aut." ID="tl_3_7" STYLEREFS="FONT0"/>
            <SP HEIGHT="73" WIDTH="22" VPOS="211" HPOS="1180"/>
            <String HEIGHT="73" WIDTH="178" VPOS="211" HPOS="1114" CONTENT="sig." ID="tl_3_8" STYLEREFS="FONT0"/>
            <SP HEIGHT="73" WIDTH="22" VPOS="211" HPOS="1292"/>
            <String HEIGHT="73" WIDTH="334" VPOS="211" HPOS="1225" CONTENT="Versailles," ID="tl_3_9" STYLEREFS="FONT0"/>
            <SP HEIGHT="73" WIDTH="22" VPOS="211" HPOS="1559"/>
            <String HEIGHT="73" WIDTH="89" VPOS="211" HPOS="1470" CONTENT="24" ID="tl_3_10" STYLEREFS="FONT0"/>
          </TextLine>
          <TextLine ID="tl_4" BASELINE="324" HEIGHT="54" WIDTH="1378" VPOS="270" HPOS="180">
            <String HEIGHT="54" WIDTH="541" VPOS="270" HPOS="131" CONTENT="février" ID="tl_4_1" STYLEREFS="FONT0"/>
            <SP HEIGHT="54" WIDTH="49" VPOS="270" HPOS="672"/>
            <String HEIGHT="54" WIDTH="443" VPOS="270" HPOS="525" CONTENT="1816." ID="tl_4_2" STYLEREFS="FONT0"/>
            <SP HEIGHT="54" WIDTH="49" VPOS="270" HPOS="967"/>
            <String HEIGHT="54" WIDTH="246" VPOS="270" HPOS="820" CONTENT="1" ID="tl_4_3" STYLEREFS="FONT0"/>
            <SP HEIGHT="54" WIDTH="49" VPOS="270" HPOS="1066"/>
            <String HEIGHT="54" WIDTH="295" VPOS="270" HPOS="918" CONTENT="p." ID="tl_4_4" STYLEREFS="FONT0"/>
            <SP HEIGHT="54" WIDTH="49" VPOS="270" HPOS="1214"/>
            <String HEIGHT="54" WIDTH="443" VPOS="270" HPOS="1066" CONTENT="in-4." ID="tl_4_5" STYLEREFS="FONT0"/>
            <SP HEIGHT="54" WIDTH="49" VPOS="270" HPOS="1509"/>
            <String HEIGHT="54" WIDTH="246" VPOS="270" HPOS="1361" CONTENT="2" ID="tl_4_6" STYLEREFS="FONT0"/>
            <SP HEIGHT="54" WIDTH="49" VPOS="270" HPOS="1607"/>
            <String HEIGHT="54" WIDTH="148" VPOS="270" HPOS="1410" CONTENT="»" ID="tl_4_7" STYLEREFS="FONT0"/>
          </TextLine>
        </TextBlock>
        <TextBlock ID="r_1_4" HEIGHT="111" WIDTH="1412" VPOS="315" HPOS="140">
          <TextLine ID="tl_5" BASELINE="382" HEIGHT="86" WIDTH="1428" VPOS="296" HPOS="131">
            <String HEIGHT="86" WIDTH="184" VPOS="296" HPOS="111" CONTENT="2503." ID="tl_5_1" STYLEREFS="FONT0"/>
            <SP HEIGHT="86" WIDTH="20" VPOS="296" HPOS="294"/>
            <String HEIGHT="86" WIDTH="388" VPOS="296" HPOS="233" CONTENT="Cheveras" ID="tl_5_2" STYLEREFS="FONT1"/>
            <SP HEIGHT="86" WIDTH="20" VPOS="296" HPOS="621"/>
            <String HEIGHT="86" WIDTH="224" VPOS="296" HPOS="559" CONTENT="(Jean)," ID="tl_5_3" STYLEREFS="FONT0"/>
            <SP HEIGHT="86" WIDTH="20" VPOS="296" HPOS="784"/>
            <String HEIGHT="86" WIDTH="286" VPOS="296" HPOS="723" CONTENT="archevêque" ID="tl_5_4" STYLEREFS="FONT0"/>
            <SP HEIGHT="86" WIDTH="20" VPOS="296" HPOS="1008"/>
            <String HEIGHT="86" WIDTH="122" VPOS="296" HPOS="947" CONTENT="de" ID="tl_5_5" STYLEREFS="FONT0"/>
            <SP HEIGHT="86" WIDTH="20" VPOS="296" HPOS="1069"/>
            <String HEIGHT="86" WIDTH="265" VPOS="296" HPOS="1008" CONTENT="Bordeaux." ID="tl_5_6" STYLEREFS="FONT0"/>
            <SP HEIGHT="86" WIDTH="20" VPOS="296" HPOS="1273"/>
            <String HEIGHT="86" WIDTH="122" VPOS="296" HPOS="1212" CONTENT="L." ID="tl_5_7" STYLEREFS="FONT0"/>
            <SP HEIGHT="86" WIDTH="20" VPOS="296" HPOS="1335"/>
            <String HEIGHT="86" WIDTH="163" VPOS="296" HPOS="1273" CONTENT="aut." ID="tl_5_8" STYLEREFS="FONT0"/>
            <SP HEIGHT="86" WIDTH="20" VPOS="296" HPOS="1437"/>
            <String HEIGHT="86" WIDTH="184" VPOS="296" HPOS="1375" CONTENT="sig.," ID="tl_5_9" STYLEREFS="FONT0"/>
            <SP HEIGHT="86" WIDTH="20" VPOS="296" HPOS="1559"/>
            <String HEIGHT="86" WIDTH="82" VPOS="296" HPOS="1477" CONTENT="au" ID="tl_5_10" STYLEREFS="FONT0"/>
          </TextLine>
          <TextLine ID="tl_6" BASELINE="425" HEIGHT="61" WIDTH="1379" VPOS="364" HPOS="181">
            <String HEIGHT="61" WIDTH="241" VPOS="364" HPOS="159" CONTENT="marquis" ID="tl_6_1" STYLEREFS="FONT0"/>
            <SP HEIGHT="61" WIDTH="22" VPOS="364" HPOS="400"/>
            <String HEIGHT="61" WIDTH="131" VPOS="364" HPOS="334" CONTENT="de" ID="tl_6_2" STYLEREFS="FONT0"/>
            <SP HEIGHT="61" WIDTH="22" VPOS="364" HPOS="466"/>
            <String HEIGHT="61" WIDTH="285" VPOS="364" HPOS="400" CONTENT="Pastoret." ID="tl_6_3" STYLEREFS="FONT0"/>
            <SP HEIGHT="61" WIDTH="22" VPOS="364" HPOS="684"/>
            <String HEIGHT="61" WIDTH="285" VPOS="364" HPOS="619" CONTENT="Bordeaux," ID="tl_6_4" STYLEREFS="FONT0"/>
            <SP HEIGHT="61" WIDTH="22" VPOS="364" HPOS="903"/>
            <String HEIGHT="61" WIDTH="131" VPOS="364" HPOS="838" CONTENT="23" ID="tl_6_5" STYLEREFS="FONT0"/>
            <SP HEIGHT="61" WIDTH="22" VPOS="364" HPOS="969"/>
            <String HEIGHT="61" WIDTH="241" VPOS="364" HPOS="903" CONTENT="février" ID="tl_6_6" STYLEREFS="FONT0"/>
            <SP HEIGHT="61" WIDTH="22" VPOS="364" HPOS="1144"/>
            <String HEIGHT="61" WIDTH="197" VPOS="364" HPOS="1078" CONTENT="1830." ID="tl_6_7" STYLEREFS="FONT0"/>
            <SP HEIGHT="61" WIDTH="22" VPOS="364" HPOS="1275"/>
            <String HEIGHT="61" WIDTH="109" VPOS="364" HPOS="1210" CONTENT="1" ID="tl_6_8" STYLEREFS="FONT0"/>
            <SP HEIGHT="61" WIDTH="22" VPOS="364" HPOS="1319"/>
            <String HEIGHT="61" WIDTH="131" VPOS="364" HPOS="1254" CONTENT="p." ID="tl_6_9" STYLEREFS="FONT0"/>
            <SP HEIGHT="61" WIDTH="22" VPOS="364" HPOS="1385"/>
            <String HEIGHT="61" WIDTH="197" VPOS="364" HPOS="1319" CONTENT="in-4." ID="tl_6_10" STYLEREFS="FONT0"/>
            <SP HEIGHT="61" WIDTH="22" VPOS="364" HPOS="1516"/>
            <String HEIGHT="61" WIDTH="109" VPOS="364" HPOS="1451" CONTENT="2" ID="tl_6_11" STYLEREFS="FONT0"/>
            <SP HEIGHT="61" WIDTH="22" VPOS="364" HPOS="1560"/>
            <String HEIGHT="61" WIDTH="88" VPOS="364" HPOS="1472" CONTENT="50" ID="tl_6_12" STYLEREFS="FONT0"/>
          </TextLine>
        </TextBlock>
        <TextBlock ID="r_1_5" HEIGHT="57" WIDTH="1416" VPOS="414" HPOS="139">
          <TextLine ID="tl_7" BASELINE="480" HEIGHT="73" WIDTH="1433" VPOS="407" HPOS="130">
            <String HEIGHT="73" WIDTH="184" VPOS="407" HPOS="110" CONTENT="2504." ID="tl_7_1" STYLEREFS="FONT0"/>
            <SP HEIGHT="73" WIDTH="20" VPOS="407" HPOS="294"/>
            <String HEIGHT="73" WIDTH="389" VPOS="407" HPOS="232" CONTENT="Clairaut" ID="tl_7_2" STYLEREFS="FONT1"/>
            <SP HEIGHT="73" WIDTH="20" VPOS="407" HPOS="621"/>
            <String HEIGHT="73" WIDTH="409" VPOS="407" HPOS="560" CONTENT="(Alexis-Claude)," ID="tl_7_3" STYLEREFS="FONT0"/>
            <SP HEIGHT="73" WIDTH="20" VPOS="407" HPOS="969"/>
            <String HEIGHT="73" WIDTH="225" VPOS="407" HPOS="908" CONTENT="célèbre" ID="tl_7_4" STYLEREFS="FONT0"/>
            <SP HEIGHT="73" WIDTH="20" VPOS="407" HPOS="1133"/>
            <String HEIGHT="73" WIDTH="266" VPOS="407" HPOS="1072" CONTENT="géomètre." ID="tl_7_5" STYLEREFS="FONT0"/>
            <SP HEIGHT="73" WIDTH="20" VPOS="407" HPOS="1338"/>
            <String HEIGHT="73" WIDTH="123" VPOS="407" HPOS="1276" CONTENT="1°" ID="tl_7_6" STYLEREFS="FONT0"/>
            <SP HEIGHT="73" WIDTH="20" VPOS="407" HPOS="1399"/>
            <String HEIGHT="73" WIDTH="123" VPOS="407" HPOS="1338" CONTENT="L." ID="tl_7_7" STYLEREFS="FONT0"/>
            <SP HEIGHT="73" WIDTH="20" VPOS="407" HPOS="1461"/>
            <String HEIGHT="73" WIDTH="184" VPOS="407" HPOS="1399" CONTENT="aut.," ID="tl_7_8" STYLEREFS="FONT0"/>
            <SP HEIGHT="73" WIDTH="20" VPOS="407" HPOS="1583"/>
            <String HEIGHT="73" WIDTH="61" VPOS="407" HPOS="1502" CONTENT="à" ID="tl_7_9" STYLEREFS="FONT0"/>
          </TextLine>
        </TextBlock>
        <TextBlock ID="r_1_6" HEIGHT="433" WIDTH="1374" VPOS="461" HPOS="187">
          <TextLine ID="tl_8" BASELINE="520" HEIGHT="59" WIDTH="1380" VPOS="461" HPOS="179">
            <String HEIGHT="59" WIDTH="151" VPOS="461" HPOS="157" CONTENT="Mme" ID="tl_8_1" STYLEREFS="FONT0"/>
            <SP HEIGHT="59" WIDTH="22" VPOS="461" HPOS="308"/>
            <String HEIGHT="59" WIDTH="216" VPOS="461" HPOS="244" CONTENT="Denis," ID="tl_8_2" STYLEREFS="FONT0"/>
            <SP HEIGHT="59" WIDTH="22" VPOS="461" HPOS="459"/>
            <String HEIGHT="59" WIDTH="194" VPOS="461" HPOS="395" CONTENT="nièce" ID="tl_8_3" STYLEREFS="FONT0"/>
            <SP HEIGHT="59" WIDTH="22" VPOS="461" HPOS="589"/>
            <String HEIGHT="59" WIDTH="129" VPOS="461" HPOS="524" CONTENT="de" ID="tl_8_4" STYLEREFS="FONT0"/>
            <SP HEIGHT="59" WIDTH="22" VPOS="461" HPOS="653"/>
            <String HEIGHT="59" WIDTH="280" VPOS="461" HPOS="589" CONTENT="Voltaire." ID="tl_8_5" STYLEREFS="FONT0"/>
            <SP HEIGHT="59" WIDTH="22" VPOS="461" HPOS="869"/>
            <String HEIGHT="59" WIDTH="216" VPOS="461" HPOS="804" CONTENT="Paris," ID="tl_8_6" STYLEREFS="FONT0"/>
            <SP HEIGHT="59" WIDTH="22" VPOS="461" HPOS="1020"/>
            <String HEIGHT="59" WIDTH="108" VPOS="461" HPOS="955" CONTENT="4" ID="tl_8_7" STYLEREFS="FONT0"/>
            <SP HEIGHT="59" WIDTH="22" VPOS="461" HPOS="1063"/>
            <String HEIGHT="59" WIDTH="259" VPOS="461" HPOS="998" CONTENT="janvier." ID="tl_8_8" STYLEREFS="FONT0"/>
            <SP HEIGHT="59" WIDTH="22" VPOS="461" HPOS="1257"/>
            <String HEIGHT="59" WIDTH="151" VPOS="461" HPOS="1192" CONTENT="..." ID="tl_8_9" STYLEREFS="FONT0"/>
            <SP HEIGHT="59" WIDTH="22" VPOS="461" HPOS="1343"/>
            <String HEIGHT="59" WIDTH="108" VPOS="461" HPOS="1279" CONTENT="4" ID="tl_8_10" STYLEREFS="FONT0"/>
            <SP HEIGHT="59" WIDTH="22" VPOS="461" HPOS="1387"/>
            <String HEIGHT="59" WIDTH="151" VPOS="461" HPOS="1322" CONTENT="gr." ID="tl_8_11" STYLEREFS="FONT0"/>
            <SP HEIGHT="59" WIDTH="22" VPOS="461" HPOS="1473"/>
            <String HEIGHT="59" WIDTH="129" VPOS="461" HPOS="1408" CONTENT="p." ID="tl_8_12" STYLEREFS="FONT0"/>
            <SP HEIGHT="59" WIDTH="22" VPOS="461" HPOS="1537"/>
            <String HEIGHT="59" WIDTH="108" VPOS="461" HPOS="1451" CONTENT="pl." ID="tl_8_13" STYLEREFS="FONT0"/>
          </TextLine>
          <TextLine ID="tl_9" BASELINE="564" HEIGHT="63" WIDTH="1382" VPOS="501" HPOS="180">
            <String HEIGHT="63" WIDTH="188" VPOS="501" HPOS="159" CONTENT="in-4." ID="tl_9_1" STYLEREFS="FONT0"/>
            <SP HEIGHT="63" WIDTH="21" VPOS="501" HPOS="348"/>
            <String HEIGHT="63" WIDTH="293" VPOS="501" HPOS="285" CONTENT="Très-belle" ID="tl_9_2" STYLEREFS="FONT0"/>
            <SP HEIGHT="63" WIDTH="21" VPOS="501" HPOS="578"/>
            <String HEIGHT="63" WIDTH="126" VPOS="501" HPOS="515" CONTENT="et" ID="tl_9_3" STYLEREFS="FONT0"/>
            <SP HEIGHT="63" WIDTH="21" VPOS="501" HPOS="641"/>
            <String HEIGHT="63" WIDTH="440" VPOS="501" HPOS="578" CONTENT="très-intéressante" ID="tl_9_4" STYLEREFS="FONT0"/>
            <SP HEIGHT="63" WIDTH="21" VPOS="501" HPOS="1018"/>
            <String HEIGHT="63" WIDTH="230" VPOS="501" HPOS="955" CONTENT="lettre." ID="tl_9_5" STYLEREFS="FONT0"/>
            <SP HEIGHT="63" WIDTH="21" VPOS="501" HPOS="1185"/>
            <String HEIGHT="63" WIDTH="168" VPOS="501" HPOS="1122" CONTENT="Beau" ID="tl_9_6" STYLEREFS="FONT0"/>
            <SP HEIGHT="63" WIDTH="21" VPOS="501" HPOS="1290"/>
            <String HEIGHT="63" WIDTH="209" VPOS="501" HPOS="1227" CONTENT="portr." ID="tl_9_7" STYLEREFS="FONT0"/>
            <SP HEIGHT="63" WIDTH="21" VPOS="501" HPOS="1436"/>
            <String HEIGHT="63" WIDTH="188" VPOS="501" HPOS="1374" CONTENT="gravé" ID="tl_9_8" STYLEREFS="FONT0"/>
            <SP HEIGHT="63" WIDTH="21" VPOS="501" HPOS="1562"/>
            <String HEIGHT="63" WIDTH="84" VPOS="501" HPOS="1478" CONTENT="de" ID="tl_9_9" STYLEREFS="FONT0"/>
          </TextLine>
          <TextLine ID="tl_10" BASELINE="619" HEIGHT="56" WIDTH="1383" VPOS="563" HPOS="180">
            <String HEIGHT="56" WIDTH="245" VPOS="563" HPOS="158" CONTENT="Cochin," ID="tl_10_1" STYLEREFS="FONT0"/>
            <SP HEIGHT="56" WIDTH="22" VPOS="563" HPOS="403"/>
            <String HEIGHT="56" WIDTH="201" VPOS="563" HPOS="336" CONTENT="in-4." ID="tl_10_2" STYLEREFS="FONT0"/>
            <SP HEIGHT="56" WIDTH="22" VPOS="563" HPOS="537"/>
            <String HEIGHT="56" WIDTH="112" VPOS="563" HPOS="470" CONTENT="—" ID="tl_10_3" STYLEREFS="FONT0"/>
            <SP HEIGHT="56" WIDTH="22" VPOS="563" HPOS="582"/>
            <String HEIGHT="56" WIDTH="134" VPOS="563" HPOS="515" CONTENT="2°" ID="tl_10_4" STYLEREFS="FONT0"/>
            <SP HEIGHT="56" WIDTH="22" VPOS="563" HPOS="648"/>
            <String HEIGHT="56" WIDTH="245" VPOS="563" HPOS="582" CONTENT="Rapport" ID="tl_10_5" STYLEREFS="FONT0"/>
            <SP HEIGHT="56" WIDTH="22" VPOS="563" HPOS="827"/>
            <String HEIGHT="56" WIDTH="201" VPOS="563" HPOS="760" CONTENT="signé" ID="tl_10_6" STYLEREFS="FONT0"/>
            <SP HEIGHT="56" WIDTH="22" VPOS="563" HPOS="961"/>
            <String HEIGHT="56" WIDTH="112" VPOS="563" HPOS="894" CONTENT="à" ID="tl_10_7" STYLEREFS="FONT0"/>
            <SP HEIGHT="56" WIDTH="22" VPOS="563" HPOS="1005"/>
            <String HEIGHT="56" WIDTH="312" VPOS="563" HPOS="938" CONTENT="l’Académie" ID="tl_10_8" STYLEREFS="FONT0"/>
            <SP HEIGHT="56" WIDTH="22" VPOS="563" HPOS="1251"/>
            <String HEIGHT="56" WIDTH="156" VPOS="563" HPOS="1184" CONTENT="des" ID="tl_10_9" STYLEREFS="FONT0"/>
            <SP HEIGHT="56" WIDTH="22" VPOS="563" HPOS="1340"/>
            <String HEIGHT="56" WIDTH="268" VPOS="563" HPOS="1273" CONTENT="Sciences" ID="tl_10_10" STYLEREFS="FONT0"/>
            <SP HEIGHT="56" WIDTH="22" VPOS="563" HPOS="1541"/>
            <String HEIGHT="56" WIDTH="112" VPOS="563" HPOS="1451" CONTENT="sur" ID="tl_10_11" STYLEREFS="FONT0"/>
          </TextLine>
          <TextLine ID="tl_11" BASELINE="660" HEIGHT="61" WIDTH="1382" VPOS="599" HPOS="181">
            <String HEIGHT="61" WIDTH="138" VPOS="599" HPOS="158" CONTENT="un" ID="tl_11_1" STYLEREFS="FONT0"/>
            <SP HEIGHT="61" WIDTH="23" VPOS="599" HPOS="296"/>
            <String HEIGHT="61" WIDTH="253" VPOS="599" HPOS="227" CONTENT="mémoire" ID="tl_11_2" STYLEREFS="FONT0"/>
            <SP HEIGHT="61" WIDTH="23" VPOS="599" HPOS="480"/>
            <String HEIGHT="61" WIDTH="138" VPOS="599" HPOS="411" CONTENT="de" ID="tl_11_3" STYLEREFS="FONT0"/>
            <SP HEIGHT="61" WIDTH="23" VPOS="599" HPOS="550"/>
            <String HEIGHT="61" WIDTH="138" VPOS="599" HPOS="480" CONTENT="M." ID="tl_11_4" STYLEREFS="FONT0"/>
            <SP HEIGHT="61" WIDTH="23" VPOS="599" HPOS="619"/>
            <String HEIGHT="61" WIDTH="253" VPOS="599" HPOS="550" CONTENT="Bezout," ID="tl_11_5" STYLEREFS="FONT0"/>
            <SP HEIGHT="61" WIDTH="23" VPOS="599" HPOS="803"/>
            <String HEIGHT="61" WIDTH="184" VPOS="599" HPOS="734" CONTENT="dans" ID="tl_11_6" STYLEREFS="FONT0"/>
            <SP HEIGHT="61" WIDTH="23" VPOS="599" HPOS="918"/>
            <String HEIGHT="61" WIDTH="230" VPOS="599" HPOS="849" CONTENT="lequel" ID="tl_11_7" STYLEREFS="FONT0"/>
            <SP HEIGHT="61" WIDTH="23" VPOS="599" HPOS="1079"/>
            <String HEIGHT="61" WIDTH="138" VPOS="599" HPOS="1010" CONTENT="ce" ID="tl_11_8" STYLEREFS="FONT0"/>
            <SP HEIGHT="61" WIDTH="23" VPOS="599" HPOS="1148"/>
            <String HEIGHT="61" WIDTH="230" VPOS="599" HPOS="1079" CONTENT="savant" ID="tl_11_9" STYLEREFS="FONT0"/>
            <SP HEIGHT="61" WIDTH="23" VPOS="599" HPOS="1310"/>
            <String HEIGHT="61" WIDTH="346" VPOS="599" HPOS="1218" CONTENT="mathématicien" ID="tl_11_10" STYLEREFS="FONT0"/>
          </TextLine>
          <TextLine ID="tl_12" BASELINE="714" HEIGHT="65" WIDTH="1382" VPOS="649" HPOS="184">
            <String HEIGHT="65" WIDTH="114" VPOS="649" HPOS="165" CONTENT="se" ID="tl_12_1" STYLEREFS="FONT0"/>
            <SP HEIGHT="65" WIDTH="19" VPOS="649" HPOS="279"/>
            <String HEIGHT="65" WIDTH="208" VPOS="649" HPOS="222" CONTENT="propose" ID="tl_12_2" STYLEREFS="FONT0"/>
            <SP HEIGHT="65" WIDTH="19" VPOS="649" HPOS="430"/>
            <String HEIGHT="65" WIDTH="170" VPOS="649" HPOS="373" CONTENT="de" ID="tl_12_3" STYLEREFS="FONT2"/>
            <SP HEIGHT="65" WIDTH="19" VPOS="649" HPOS="544"/>
            <String HEIGHT="65" WIDTH="208" VPOS="649" HPOS="487" CONTENT="trouver" ID="tl_12_4" STYLEREFS="FONT2"/>
            <SP HEIGHT="65" WIDTH="19" VPOS="649" HPOS="695"/>
            <String HEIGHT="65" WIDTH="133" VPOS="649" HPOS="638" CONTENT="des" ID="tl_12_5" STYLEREFS="FONT2"/>
            <SP HEIGHT="65" WIDTH="19" VPOS="649" HPOS="771"/>
            <String HEIGHT="65" WIDTH="284" VPOS="649" HPOS="714" CONTENT="différences" ID="tl_12_6" STYLEREFS="FONT2"/>
            <SP HEIGHT="65" WIDTH="19" VPOS="649" HPOS="998"/>
            <String HEIGHT="65" WIDTH="151" VPOS="649" HPOS="941" CONTENT="qui," ID="tl_12_7" STYLEREFS="FONT2"/>
            <SP HEIGHT="65" WIDTH="19" VPOS="649" HPOS="1093"/>
            <String HEIGHT="65" WIDTH="189" VPOS="649" HPOS="1036" CONTENT="nétant" ID="tl_12_8" STYLEREFS="FONT2"/>
            <SP HEIGHT="65" WIDTH="19" VPOS="649" HPOS="1225"/>
            <String HEIGHT="65" WIDTH="170" VPOS="649" HPOS="1168" CONTENT="point" ID="tl_12_9" STYLEREFS="FONT2"/>
            <SP HEIGHT="65" WIDTH="19" VPOS="649" HPOS="1339"/>
            <String HEIGHT="65" WIDTH="303" VPOS="649" HPOS="1263" CONTENT="intégrales" ID="tl_12_10" STYLEREFS="FONT2"/>
          </TextLine>
          <TextLine ID="tl_13" BASELINE="766" HEIGHT="57" WIDTH="1389" VPOS="709" HPOS="178">
            <String HEIGHT="57" WIDTH="196" VPOS="709" HPOS="158" CONTENT="par" ID="tl_13_1" STYLEREFS="FONT2"/>
            <SP HEIGHT="57" WIDTH="20" VPOS="709" HPOS="354"/>
            <String HEIGHT="57" WIDTH="313" VPOS="709" HPOS="295" CONTENT="elles-mêmes," ID="tl_13_2" STYLEREFS="FONT2"/>
            <SP HEIGHT="57" WIDTH="20" VPOS="709" HPOS="608"/>
            <String HEIGHT="57" WIDTH="117" VPOS="709" HPOS="550" CONTENT="le" ID="tl_13_3" STYLEREFS="FONT2"/>
            <SP HEIGHT="57" WIDTH="20" VPOS="709" HPOS="667"/>
            <String HEIGHT="57" WIDTH="274" VPOS="709" HPOS="608" CONTENT="deviennent" ID="tl_13_4" STYLEREFS="FONT2"/>
            <SP HEIGHT="57" WIDTH="20" VPOS="709" HPOS="882"/>
            <String HEIGHT="57" WIDTH="117" VPOS="709" HPOS="824" CONTENT="si" ID="tl_13_5" STYLEREFS="FONT2"/>
            <SP HEIGHT="57" WIDTH="20" VPOS="709" HPOS="941"/>
            <String HEIGHT="57" WIDTH="117" VPOS="709" HPOS="882" CONTENT="on" ID="tl_13_6" STYLEREFS="FONT2"/>
            <SP HEIGHT="57" WIDTH="20" VPOS="709" HPOS="1000"/>
            <String HEIGHT="57" WIDTH="157" VPOS="709" HPOS="941" CONTENT="leur" ID="tl_13_7" STYLEREFS="FONT2"/>
            <SP HEIGHT="57" WIDTH="20" VPOS="709" HPOS="1097"/>
            <String HEIGHT="57" WIDTH="176" VPOS="709" HPOS="1039" CONTENT="joint" ID="tl_13_8" STYLEREFS="FONT2"/>
            <SP HEIGHT="57" WIDTH="20" VPOS="709" HPOS="1215"/>
            <String HEIGHT="57" WIDTH="137" VPOS="709" HPOS="1156" CONTENT="des" ID="tl_13_9" STYLEREFS="FONT2"/>
            <SP HEIGHT="57" WIDTH="20" VPOS="709" HPOS="1293"/>
            <String HEIGHT="57" WIDTH="254" VPOS="709" HPOS="1234" CONTENT="quantités" ID="tl_13_10" STYLEREFS="FONT2"/>
            <SP HEIGHT="57" WIDTH="20" VPOS="709" HPOS="1489"/>
            <String HEIGHT="57" WIDTH="157" VPOS="709" HPOS="1410" CONTENT="de" ID="tl_13_11" STYLEREFS="FONT2"/>
          </TextLine>
          <TextLine ID="tl_14" BASELINE="810" HEIGHT="68" WIDTH="1383" VPOS="742" HPOS="183">
            <String HEIGHT="68" WIDTH="227" VPOS="742" HPOS="164" CONTENT="mêmes" ID="tl_14_1" STYLEREFS="FONT2"/>
            <SP HEIGHT="68" WIDTH="19" VPOS="742" HPOS="391"/>
            <String HEIGHT="68" WIDTH="189" VPOS="742" HPOS="335" CONTENT="formes" ID="tl_14_2" STYLEREFS="FONT2"/>
            <SP HEIGHT="68" WIDTH="19" VPOS="742" HPOS="524"/>
            <String HEIGHT="68" WIDTH="322" VPOS="742" HPOS="467" CONTENT="qu’elles" ID="tl_14_3" STYLEREFS="FONT2"/>
            <SP HEIGHT="68" WIDTH="19" VPOS="742" HPOS="789"/>
            <String HEIGHT="68" WIDTH="114" VPOS="742" HPOS="732" CONTENT="16" ID="tl_14_4" STYLEREFS="FONT0"/>
            <SP HEIGHT="68" WIDTH="19" VPOS="742" HPOS="846"/>
            <String HEIGHT="68" WIDTH="208" VPOS="742" HPOS="789" CONTENT="février" ID="tl_14_5" STYLEREFS="FONT0"/>
            <SP HEIGHT="68" WIDTH="19" VPOS="742" HPOS="998"/>
            <String HEIGHT="68" WIDTH="171" VPOS="742" HPOS="941" CONTENT="1757." ID="tl_14_6" STYLEREFS="FONT0"/>
            <SP HEIGHT="68" WIDTH="19" VPOS="742" HPOS="1111"/>
            <String HEIGHT="68" WIDTH="95" VPOS="742" HPOS="1054" CONTENT="1" ID="tl_14_7" STYLEREFS="FONT0"/>
            <SP HEIGHT="68" WIDTH="19" VPOS="742" HPOS="1149"/>
            <String HEIGHT="68" WIDTH="114" VPOS="742" HPOS="1092" CONTENT="p." ID="tl_14_8" STYLEREFS="FONT0"/>
            <SP HEIGHT="68" WIDTH="19" VPOS="742" HPOS="1206"/>
            <String HEIGHT="68" WIDTH="133" VPOS="742" HPOS="1149" CONTENT="pl." ID="tl_14_9" STYLEREFS="FONT0"/>
            <SP HEIGHT="68" WIDTH="19" VPOS="742" HPOS="1282"/>
            <String HEIGHT="68" WIDTH="114" VPOS="742" HPOS="1225" CONTENT="et" ID="tl_14_10" STYLEREFS="FONT0"/>
            <SP HEIGHT="68" WIDTH="19" VPOS="742" HPOS="1339"/>
            <String HEIGHT="68" WIDTH="171" VPOS="742" HPOS="1282" CONTENT="demie" ID="tl_14_11" STYLEREFS="FONT0"/>
            <SP HEIGHT="68" WIDTH="19" VPOS="742" HPOS="1452"/>
            <String HEIGHT="68" WIDTH="171" VPOS="742" HPOS="1395" CONTENT="in-4." ID="tl_14_12" STYLEREFS="FONT0"/>
            <SP HEIGHT="68" WIDTH="19" VPOS="742" HPOS="1566"/>
            <String HEIGHT="68" WIDTH="76" VPOS="742" HPOS="1490" CONTENT="Ce" ID="tl_14_13" STYLEREFS="FONT0"/>
          </TextLine>
          <TextLine ID="tl_15" BASELINE="858" HEIGHT="67" WIDTH="1386" VPOS="791" HPOS="182">
            <String HEIGHT="67" WIDTH="235" VPOS="791" HPOS="161" CONTENT="rapport" ID="tl_15_1" STYLEREFS="FONT0"/>
            <SP HEIGHT="67" WIDTH="21" VPOS="791" HPOS="395"/>
            <String HEIGHT="67" WIDTH="149" VPOS="791" HPOS="331" CONTENT="est" ID="tl_15_2" STYLEREFS="FONT0"/>
            <SP HEIGHT="67" WIDTH="21" VPOS="791" HPOS="481"/>
            <String HEIGHT="67" WIDTH="277" VPOS="791" HPOS="417" CONTENT="également" ID="tl_15_3" STYLEREFS="FONT0"/>
            <SP HEIGHT="67" WIDTH="21" VPOS="791" HPOS="694"/>
            <String HEIGHT="67" WIDTH="192" VPOS="791" HPOS="630" CONTENT="signé" ID="tl_15_4" STYLEREFS="FONT0"/>
            <SP HEIGHT="67" WIDTH="21" VPOS="791" HPOS="822"/>
            <String HEIGHT="67" WIDTH="149" VPOS="791" HPOS="758" CONTENT="par" ID="tl_15_5" STYLEREFS="FONT0"/>
            <SP HEIGHT="67" WIDTH="21" VPOS="791" HPOS="907"/>
            <String HEIGHT="67" WIDTH="320" VPOS="791" HPOS="843" CONTENT="d’Alembert," ID="tl_15_6" STYLEREFS="FONT0"/>
            <SP HEIGHT="67" WIDTH="21" VPOS="791" HPOS="1163"/>
            <String HEIGHT="67" WIDTH="128" VPOS="791" HPOS="1099" CONTENT="et" ID="tl_15_7" STYLEREFS="FONT0"/>
            <SP HEIGHT="67" WIDTH="21" VPOS="791" HPOS="1227"/>
            <String HEIGHT="67" WIDTH="192" VPOS="791" HPOS="1163" CONTENT="écrit" ID="tl_15_8" STYLEREFS="FONT0"/>
            <SP HEIGHT="67" WIDTH="21" VPOS="791" HPOS="1355"/>
            <String HEIGHT="67" WIDTH="128" VPOS="791" HPOS="1291" CONTENT="en" ID="tl_15_9" STYLEREFS="FONT0"/>
            <SP HEIGHT="67" WIDTH="21" VPOS="791" HPOS="1419"/>
            <String HEIGHT="67" WIDTH="213" VPOS="791" HPOS="1355" CONTENT="entier" ID="tl_15_10" STYLEREFS="FONT0"/>
            <SP HEIGHT="67" WIDTH="21" VPOS="791" HPOS="1568"/>
            <String HEIGHT="67" WIDTH="85" VPOS="791" HPOS="1483" CONTENT="de" ID="tl_15_11" STYLEREFS="FONT0"/>
          </TextLine>
          <TextLine ID="tl_16" BASELINE="897" HEIGHT="60" WIDTH="1383" VPOS="837" HPOS="184">
            <String HEIGHT="60" WIDTH="319" VPOS="837" HPOS="131" CONTENT="la" ID="tl_16_1" STYLEREFS="FONT0"/>
            <SP HEIGHT="60" WIDTH="53" VPOS="837" HPOS="450"/>
            <String HEIGHT="60" WIDTH="426" VPOS="837" HPOS="290" CONTENT="main" ID="tl_16_2" STYLEREFS="FONT0"/>
            <SP HEIGHT="60" WIDTH="53" VPOS="837" HPOS="716"/>
            <String HEIGHT="60" WIDTH="319" VPOS="837" HPOS="556" CONTENT="de" ID="tl_16_3" STYLEREFS="FONT0"/>
            <SP HEIGHT="60" WIDTH="53" VPOS="837" HPOS="875"/>
            <String HEIGHT="60" WIDTH="319" VPOS="837" HPOS="716" CONTENT="ce" ID="tl_16_4" STYLEREFS="FONT0"/>
            <SP HEIGHT="60" WIDTH="53" VPOS="837" HPOS="1035"/>
            <String HEIGHT="60" WIDTH="585" VPOS="837" HPOS="875" CONTENT="dernier" ID="tl_16_5" STYLEREFS="FONT0"/>
            <SP HEIGHT="60" WIDTH="53" VPOS="837" HPOS="1461"/>
            <String HEIGHT="60" WIDTH="319" VPOS="837" HPOS="1301" CONTENT="20" ID="tl_16_6" STYLEREFS="FONT0"/>
            <SP HEIGHT="60" WIDTH="53" VPOS="837" HPOS="1620"/>
            <String HEIGHT="60" WIDTH="160" VPOS="837" HPOS="1407" CONTENT="»" ID="tl_16_7" STYLEREFS="FONT0"/>
          </TextLine>
        </TextBlock>
        <TextBlock ID="r_1_7" HEIGHT="59" WIDTH="1412" VPOS="892" HPOS="150">
          <TextLine ID="tl_17" BASELINE="975" HEIGHT="102" WIDTH="1428" VPOS="873" HPOS="142">
            <String HEIGHT="102" WIDTH="214" VPOS="873" HPOS="118" CONTENT="2505." ID="tl_17_1" STYLEREFS="FONT0"/>
            <SP HEIGHT="102" WIDTH="24" VPOS="873" HPOS="332"/>
            <String HEIGHT="102" WIDTH="357" VPOS="873" HPOS="261" CONTENT="Constant" ID="tl_17_2" STYLEREFS="FONT1"/>
            <SP HEIGHT="102" WIDTH="24" VPOS="873" HPOS="618"/>
            <String HEIGHT="102" WIDTH="143" VPOS="873" HPOS="547" CONTENT="de" ID="tl_17_3" STYLEREFS="FONT1"/>
            <SP HEIGHT="102" WIDTH="24" VPOS="873" HPOS="689"/>
            <String HEIGHT="102" WIDTH="381" VPOS="873" HPOS="618" CONTENT="Rebecque" ID="tl_17_4" STYLEREFS="FONT1"/>
            <SP HEIGHT="102" WIDTH="24" VPOS="873" HPOS="999"/>
            <String HEIGHT="102" WIDTH="357" VPOS="873" HPOS="927" CONTENT="(Benjamin)," ID="tl_17_5" STYLEREFS="FONT0"/>
            <SP HEIGHT="102" WIDTH="24" VPOS="873" HPOS="1284"/>
            <String HEIGHT="102" WIDTH="262" VPOS="873" HPOS="1213" CONTENT="député," ID="tl_17_6" STYLEREFS="FONT0"/>
            <SP HEIGHT="102" WIDTH="24" VPOS="873" HPOS="1475"/>
            <String HEIGHT="102" WIDTH="190" VPOS="873" HPOS="1380" CONTENT="publi" ID="tl_17_7" STYLEREFS="FONT0"/>
          </TextLine>
        </TextBlock>
        <TextBlock ID="r_1_8" HEIGHT="108" WIDTH="1363" VPOS="941" HPOS="198">
          <TextLine ID="tl_18" BASELINE="1019" HEIGHT="80" WIDTH="1374" VPOS="939" HPOS="190">
            <String HEIGHT="80" WIDTH="215" VPOS="939" HPOS="169" CONTENT="ciste." ID="tl_18_1" STYLEREFS="FONT0"/>
            <SP HEIGHT="80" WIDTH="21" VPOS="939" HPOS="383"/>
            <String HEIGHT="80" WIDTH="129" VPOS="939" HPOS="319" CONTENT="L." ID="tl_18_2" STYLEREFS="FONT0"/>
            <SP HEIGHT="80" WIDTH="21" VPOS="939" HPOS="448"/>
            <String HEIGHT="80" WIDTH="172" VPOS="939" HPOS="383" CONTENT="aut." ID="tl_18_3" STYLEREFS="FONT0"/>
            <SP HEIGHT="80" WIDTH="21" VPOS="939" HPOS="555"/>
            <String HEIGHT="80" WIDTH="193" VPOS="939" HPOS="491" CONTENT="sig.," ID="tl_18_4" STYLEREFS="FONT0"/>
            <SP HEIGHT="80" WIDTH="21" VPOS="939" HPOS="684"/>
            <String HEIGHT="80" WIDTH="129" VPOS="939" HPOS="619" CONTENT="au" ID="tl_18_5" STYLEREFS="FONT0"/>
            <SP HEIGHT="80" WIDTH="21" VPOS="939" HPOS="748"/>
            <String HEIGHT="80" WIDTH="301" VPOS="939" HPOS="684" CONTENT="citoyen..." ID="tl_18_6" STYLEREFS="FONT0"/>
            <SP HEIGHT="80" WIDTH="21" VPOS="939" HPOS="984"/>
            <String HEIGHT="80" WIDTH="279" VPOS="939" HPOS="920" CONTENT="Hérivaux," ID="tl_18_7" STYLEREFS="FONT0"/>
            <SP HEIGHT="80" WIDTH="21" VPOS="939" HPOS="1199"/>
            <String HEIGHT="80" WIDTH="129" VPOS="939" HPOS="1135" CONTENT="16" ID="tl_18_8" STYLEREFS="FONT0"/>
            <SP HEIGHT="80" WIDTH="21" VPOS="939" HPOS="1263"/>
            <String HEIGHT="80" WIDTH="279" VPOS="939" HPOS="1199" CONTENT="thermidor" ID="tl_18_9" STYLEREFS="FONT0"/>
            <SP HEIGHT="80" WIDTH="21" VPOS="939" HPOS="1478"/>
            <String HEIGHT="80" WIDTH="129" VPOS="939" HPOS="1414" CONTENT="an" ID="tl_18_10" STYLEREFS="FONT0"/>
            <SP HEIGHT="80" WIDTH="21" VPOS="939" HPOS="1543"/>
            <String HEIGHT="80" WIDTH="107" VPOS="939" HPOS="1457" CONTENT="VI." ID="tl_18_11" STYLEREFS="FONT0"/>
          </TextLine>
          <TextLine ID="tl_19" BASELINE="1040" HEIGHT="46" WIDTH="1378" VPOS="994" HPOS="190">
            <String HEIGHT="46" WIDTH="383" VPOS="994" HPOS="113" CONTENT="8" ID="tl_19_1" STYLEREFS="FONT0"/>
            <SP HEIGHT="46" WIDTH="77" VPOS="994" HPOS="496"/>
            <String HEIGHT="46" WIDTH="459" VPOS="994" HPOS="267" CONTENT="p." ID="tl_19_2" STYLEREFS="FONT0"/>
            <SP HEIGHT="46" WIDTH="77" VPOS="994" HPOS="726"/>
            <String HEIGHT="46" WIDTH="536" VPOS="994" HPOS="496" CONTENT="pl." ID="tl_19_3" STYLEREFS="FONT0"/>
            <SP HEIGHT="46" WIDTH="77" VPOS="994" HPOS="1032"/>
            <String HEIGHT="46" WIDTH="689" VPOS="994" HPOS="802" CONTENT="in-4." ID="tl_19_4" STYLEREFS="FONT0"/>
            <SP HEIGHT="46" WIDTH="77" VPOS="994" HPOS="1491"/>
            <String HEIGHT="46" WIDTH="383" VPOS="994" HPOS="1262" CONTENT="4" ID="tl_19_5" STYLEREFS="FONT0"/>
            <SP HEIGHT="46" WIDTH="77" VPOS="994" HPOS="1645"/>
            <String HEIGHT="46" WIDTH="230" VPOS="994" HPOS="1338" CONTENT="»" ID="tl_19_6" STYLEREFS="FONT0"/>
          </TextLine>
        </TextBlock>
        <TextBlock ID="r_1_9" HEIGHT="56" WIDTH="1403" VPOS="1038" HPOS="159">
          <TextLine ID="tl_20" BASELINE="1114" HEIGHT="95" WIDTH="1419" VPOS="1019" HPOS="150">
            <String HEIGHT="95" WIDTH="166" VPOS="1019" HPOS="132" CONTENT="2506." ID="tl_20_1" STYLEREFS="FONT0"/>
            <SP HEIGHT="95" WIDTH="18" VPOS="1019" HPOS="297"/>
            <String HEIGHT="95" WIDTH="313" VPOS="1019" HPOS="242" CONTENT="Coste," ID="tl_20_2" STYLEREFS="FONT1"/>
            <SP HEIGHT="95" WIDTH="18" VPOS="1019" HPOS="555"/>
            <String HEIGHT="95" WIDTH="387" VPOS="1019" HPOS="500" CONTENT="rédacteur-éditeur" ID="tl_20_3" STYLEREFS="FONT0"/>
            <SP HEIGHT="95" WIDTH="18" VPOS="1019" HPOS="887"/>
            <String HEIGHT="95" WIDTH="129" VPOS="1019" HPOS="832" CONTENT="des" ID="tl_20_4" STYLEREFS="FONT0"/>
            <SP HEIGHT="95" WIDTH="18" VPOS="1019" HPOS="961"/>
            <String HEIGHT="95" WIDTH="295" VPOS="1019" HPOS="906" CONTENT="Tablettes" ID="tl_20_5" STYLEREFS="FONT2"/>
            <SP HEIGHT="95" WIDTH="18" VPOS="1019" HPOS="1200"/>
            <String HEIGHT="95" WIDTH="369" VPOS="1019" HPOS="1145" CONTENT="Universelles" ID="tl_20_6" STYLEREFS="FONT2"/>
            <SP HEIGHT="95" WIDTH="18" VPOS="1019" HPOS="1514"/>
            <String HEIGHT="95" WIDTH="111" VPOS="1019" HPOS="1458" CONTENT="et" ID="tl_20_7" STYLEREFS="FONT0"/>
            <SP HEIGHT="95" WIDTH="18" VPOS="1019" HPOS="1569"/>
            <String HEIGHT="95" WIDTH="74" VPOS="1019" HPOS="1495" CONTENT="du" ID="tl_20_8" STYLEREFS="FONT0"/>
          </TextLine>
        </TextBlock>
        <TextBlock ID="r_1_10" HEIGHT="60" WIDTH="1367" VPOS="1086" HPOS="196">
          <TextLine ID="tl_21" BASELINE="1162" HEIGHT="82" WIDTH="1383" VPOS="1080" HPOS="188">
            <String HEIGHT="82" WIDTH="220" VPOS="1080" HPOS="168" CONTENT="journal" ID="tl_21_1" STYLEREFS="FONT0"/>
            <SP HEIGHT="82" WIDTH="20" VPOS="1080" HPOS="388"/>
            <String HEIGHT="82" WIDTH="180" VPOS="1080" HPOS="328" CONTENT="Le" ID="tl_21_2" STYLEREFS="FONT2"/>
            <SP HEIGHT="82" WIDTH="20" VPOS="1080" HPOS="509"/>
            <String HEIGHT="82" WIDTH="281" VPOS="1080" HPOS="449" CONTENT="Temps" ID="tl_21_3" STYLEREFS="FONT2"/>
            <SP HEIGHT="82" WIDTH="20" VPOS="1080" HPOS="729"/>
            <String HEIGHT="82" WIDTH="120" VPOS="1080" HPOS="669" CONTENT="L." ID="tl_21_4" STYLEREFS="FONT0"/>
            <SP HEIGHT="82" WIDTH="20" VPOS="1080" HPOS="789"/>
            <String HEIGHT="82" WIDTH="160" VPOS="1080" HPOS="729" CONTENT="aut." ID="tl_21_5" STYLEREFS="FONT0"/>
            <SP HEIGHT="82" WIDTH="20" VPOS="1080" HPOS="890"/>
            <String HEIGHT="82" WIDTH="180" VPOS="1080" HPOS="829" CONTENT="sig.," ID="tl_21_6" STYLEREFS="FONT0"/>
            <SP HEIGHT="82" WIDTH="20" VPOS="1080" HPOS="1010"/>
            <String HEIGHT="82" WIDTH="120" VPOS="1080" HPOS="950" CONTENT="au" ID="tl_21_7" STYLEREFS="FONT0"/>
            <SP HEIGHT="82" WIDTH="20" VPOS="1080" HPOS="1070"/>
            <String HEIGHT="82" WIDTH="220" VPOS="1080" HPOS="1010" CONTENT="duc...." ID="tl_21_8" STYLEREFS="FONT0"/>
            <SP HEIGHT="82" WIDTH="20" VPOS="1080" HPOS="1230"/>
            <String HEIGHT="82" WIDTH="100" VPOS="1080" HPOS="1170" CONTENT="1" ID="tl_21_9" STYLEREFS="FONT0"/>
            <SP HEIGHT="82" WIDTH="20" VPOS="1080" HPOS="1270"/>
            <String HEIGHT="82" WIDTH="140" VPOS="1080" HPOS="1210" CONTENT="gr." ID="tl_21_10" STYLEREFS="FONT0"/>
            <SP HEIGHT="82" WIDTH="20" VPOS="1080" HPOS="1351"/>
            <String HEIGHT="82" WIDTH="120" VPOS="1080" HPOS="1290" CONTENT="p." ID="tl_21_11" STYLEREFS="FONT0"/>
            <SP HEIGHT="82" WIDTH="20" VPOS="1080" HPOS="1411"/>
            <String HEIGHT="82" WIDTH="180" VPOS="1080" HPOS="1351" CONTENT="in-4." ID="tl_21_12" STYLEREFS="FONT0"/>
            <SP HEIGHT="82" WIDTH="20" VPOS="1080" HPOS="1531"/>
            <String HEIGHT="82" WIDTH="100" VPOS="1080" HPOS="1471" CONTENT="2" ID="tl_21_13" STYLEREFS="FONT0"/>
            <SP HEIGHT="82" WIDTH="20" VPOS="1080" HPOS="1571"/>
            <String HEIGHT="82" WIDTH="80" VPOS="1080" HPOS="1491" CONTENT="50" ID="tl_21_14" STYLEREFS="FONT0"/>
          </TextLine>
        </TextBlock>
        <TextBlock ID="r_1_11" HEIGHT="56" WIDTH="1319" VPOS="1134" HPOS="245">
          <TextLine ID="tl_22" BASELINE="1203" HEIGHT="68" WIDTH="1336" VPOS="1135" HPOS="236">
            <String HEIGHT="68" WIDTH="108" VPOS="1135" HPOS="218" CONTENT="Au" ID="tl_22_1" STYLEREFS="FONT0"/>
            <SP HEIGHT="68" WIDTH="18" VPOS="1135" HPOS="326"/>
            <String HEIGHT="68" WIDTH="162" VPOS="1135" HPOS="272" CONTENT="sujet" ID="tl_22_2" STYLEREFS="FONT0"/>
            <SP HEIGHT="68" WIDTH="18" VPOS="1135" HPOS="435"/>
            <String HEIGHT="68" WIDTH="108" VPOS="1135" HPOS="380" CONTENT="de" ID="tl_22_3" STYLEREFS="FONT0"/>
            <SP HEIGHT="68" WIDTH="18" VPOS="1135" HPOS="489"/>
            <String HEIGHT="68" WIDTH="108" VPOS="1135" HPOS="435" CONTENT="la" ID="tl_22_4" STYLEREFS="FONT0"/>
            <SP HEIGHT="68" WIDTH="18" VPOS="1135" HPOS="543"/>
            <String HEIGHT="68" WIDTH="162" VPOS="1135" HPOS="489" CONTENT="vente" ID="tl_22_5" STYLEREFS="FONT0"/>
            <SP HEIGHT="68" WIDTH="18" VPOS="1135" HPOS="651"/>
            <String HEIGHT="68" WIDTH="108" VPOS="1135" HPOS="597" CONTENT="de" ID="tl_22_6" STYLEREFS="FONT0"/>
            <SP HEIGHT="68" WIDTH="18" VPOS="1135" HPOS="705"/>
            <String HEIGHT="68" WIDTH="108" VPOS="1135" HPOS="651" CONTENT="la" ID="tl_22_7" STYLEREFS="FONT0"/>
            <SP HEIGHT="68" WIDTH="18" VPOS="1135" HPOS="760"/>
            <String HEIGHT="68" WIDTH="235" VPOS="1135" HPOS="705" CONTENT="propriété" ID="tl_22_8" STYLEREFS="FONT0"/>
            <SP HEIGHT="68" WIDTH="18" VPOS="1135" HPOS="940"/>
            <String HEIGHT="68" WIDTH="108" VPOS="1135" HPOS="886" CONTENT="de" ID="tl_22_9" STYLEREFS="FONT0"/>
            <SP HEIGHT="68" WIDTH="18" VPOS="1135" HPOS="994"/>
            <String HEIGHT="68" WIDTH="126" VPOS="1135" HPOS="940" CONTENT="ses" ID="tl_22_10" STYLEREFS="FONT0"/>
            <SP HEIGHT="68" WIDTH="18" VPOS="1135" HPOS="1066"/>
            <String HEIGHT="68" WIDTH="289" VPOS="1135" HPOS="1012" CONTENT="Tablettes" ID="tl_22_11" STYLEREFS="FONT2"/>
            <SP HEIGHT="68" WIDTH="18" VPOS="1135" HPOS="1301"/>
            <String HEIGHT="68" WIDTH="343" VPOS="1135" HPOS="1229" CONTENT="universelles" ID="tl_22_12" STYLEREFS="FONT2"/>
          </TextLine>
        </TextBlock>
        <TextBlock ID="r_1_12" HEIGHT="61" WIDTH="1410" VPOS="1178" HPOS="150">
          <TextLine ID="tl_23" BASELINE="1264" HEIGHT="92" WIDTH="1426" VPOS="1172" HPOS="142">
            <String HEIGHT="92" WIDTH="178" VPOS="1172" HPOS="122" CONTENT="2507." ID="tl_23_1" STYLEREFS="FONT0"/>
            <SP HEIGHT="92" WIDTH="20" VPOS="1172" HPOS="300"/>
            <String HEIGHT="92" WIDTH="337" VPOS="1172" HPOS="241" CONTENT="Cottu," ID="tl_23_2" STYLEREFS="FONT1"/>
            <SP HEIGHT="92" WIDTH="20" VPOS="1172" HPOS="578"/>
            <String HEIGHT="92" WIDTH="277" VPOS="1172" HPOS="518" CONTENT="conseiller" ID="tl_23_3" STYLEREFS="FONT0"/>
            <SP HEIGHT="92" WIDTH="20" VPOS="1172" HPOS="796"/>
            <String HEIGHT="92" WIDTH="99" VPOS="1172" HPOS="736" CONTENT="à" ID="tl_23_4" STYLEREFS="FONT0"/>
            <SP HEIGHT="92" WIDTH="20" VPOS="1172" HPOS="835"/>
            <String HEIGHT="92" WIDTH="119" VPOS="1172" HPOS="776" CONTENT="la" ID="tl_23_5" STYLEREFS="FONT0"/>
            <SP HEIGHT="92" WIDTH="20" VPOS="1172" HPOS="895"/>
            <String HEIGHT="92" WIDTH="158" VPOS="1172" HPOS="835" CONTENT="cour" ID="tl_23_6" STYLEREFS="FONT0"/>
            <SP HEIGHT="92" WIDTH="20" VPOS="1172" HPOS="994"/>
            <String HEIGHT="92" WIDTH="198" VPOS="1172" HPOS="934" CONTENT="royale" ID="tl_23_7" STYLEREFS="FONT0"/>
            <SP HEIGHT="92" WIDTH="20" VPOS="1172" HPOS="1132"/>
            <String HEIGHT="92" WIDTH="119" VPOS="1172" HPOS="1073" CONTENT="de" ID="tl_23_8" STYLEREFS="FONT0"/>
            <SP HEIGHT="92" WIDTH="20" VPOS="1172" HPOS="1192"/>
            <String HEIGHT="92" WIDTH="198" VPOS="1172" HPOS="1132" CONTENT="Paris," ID="tl_23_9" STYLEREFS="FONT0"/>
            <SP HEIGHT="92" WIDTH="20" VPOS="1172" HPOS="1330"/>
            <String HEIGHT="92" WIDTH="297" VPOS="1172" HPOS="1271" CONTENT="publiciste." ID="tl_23_10" STYLEREFS="FONT0"/>
            <SP HEIGHT="92" WIDTH="20" VPOS="1172" HPOS="1568"/>
            <String HEIGHT="92" WIDTH="79" VPOS="1172" HPOS="1489" CONTENT="L*" ID="tl_23_11" STYLEREFS="FONT0"/>
          </TextLine>
        </TextBlock>
        <TextBlock ID="r_1_13" HEIGHT="59" WIDTH="1366" VPOS="1231" HPOS="200">
          <TextLine ID="tl_24" BASELINE="1286" HEIGHT="58" WIDTH="1382" VPOS="1228" HPOS="192">
            <String HEIGHT="58" WIDTH="217" VPOS="1228" HPOS="165" CONTENT="aut." ID="tl_24_1" STYLEREFS="FONT0"/>
            <SP HEIGHT="58" WIDTH="27" VPOS="1228" HPOS="382"/>
            <String HEIGHT="58" WIDTH="244" VPOS="1228" HPOS="300" CONTENT="sig.," ID="tl_24_2" STYLEREFS="FONT0"/>
            <SP HEIGHT="58" WIDTH="27" VPOS="1228" HPOS="544"/>
            <String HEIGHT="58" WIDTH="135" VPOS="1228" HPOS="463" CONTENT="à" ID="tl_24_3" STYLEREFS="FONT0"/>
            <SP HEIGHT="58" WIDTH="27" VPOS="1228" HPOS="598"/>
            <String HEIGHT="58" WIDTH="163" VPOS="1228" HPOS="517" CONTENT="M." ID="tl_24_4" STYLEREFS="FONT0"/>
            <SP HEIGHT="58" WIDTH="27" VPOS="1228" HPOS="680"/>
            <String HEIGHT="58" WIDTH="163" VPOS="1228" HPOS="598" CONTENT="de" ID="tl_24_5" STYLEREFS="FONT0"/>
            <SP HEIGHT="58" WIDTH="27" VPOS="1228" HPOS="761"/>
            <String HEIGHT="58" WIDTH="163" VPOS="1228" HPOS="680" CONTENT="La" ID="tl_24_6" STYLEREFS="FONT0"/>
            <SP HEIGHT="58" WIDTH="27" VPOS="1228" HPOS="842"/>
            <String HEIGHT="58" WIDTH="352" VPOS="1228" HPOS="761" CONTENT="Roquette." ID="tl_24_7" STYLEREFS="FONT0"/>
            <SP HEIGHT="58" WIDTH="27" VPOS="1228" HPOS="1113"/>
            <String HEIGHT="58" WIDTH="135" VPOS="1228" HPOS="1032" CONTENT="1" ID="tl_24_8" STYLEREFS="FONT0"/>
            <SP HEIGHT="58" WIDTH="27" VPOS="1228" HPOS="1168"/>
            <String HEIGHT="58" WIDTH="163" VPOS="1228" HPOS="1086" CONTENT="p." ID="tl_24_9" STYLEREFS="FONT0"/>
            <SP HEIGHT="58" WIDTH="27" VPOS="1228" HPOS="1249"/>
            <String HEIGHT="58" WIDTH="190" VPOS="1228" HPOS="1168" CONTENT="pl." ID="tl_24_10" STYLEREFS="FONT0"/>
            <SP HEIGHT="58" WIDTH="27" VPOS="1228" HPOS="1357"/>
            <String HEIGHT="58" WIDTH="244" VPOS="1228" HPOS="1276" CONTENT="in-4." ID="tl_24_11" STYLEREFS="FONT0"/>
            <SP HEIGHT="58" WIDTH="27" VPOS="1228" HPOS="1520"/>
            <String HEIGHT="58" WIDTH="135" VPOS="1228" HPOS="1439" CONTENT="2" ID="tl_24_12" STYLEREFS="FONT0"/>
            <SP HEIGHT="58" WIDTH="27" VPOS="1228" HPOS="1574"/>
            <String HEIGHT="58" WIDTH="108" VPOS="1228" HPOS="1466" CONTENT="50" ID="tl_24_13" STYLEREFS="FONT0"/>
          </TextLine>
        </TextBlock>
        <TextBlock ID="r_1_14" HEIGHT="57" WIDTH="1414" VPOS="1278" HPOS="154">
          <TextLine ID="tl_25" BASELINE="1335" HEIGHT="72" WIDTH="1431" VPOS="1263" HPOS="146">
            <String HEIGHT="72" WIDTH="169" VPOS="1263" HPOS="127" CONTENT="2508." ID="tl_25_1" STYLEREFS="FONT0"/>
            <SP HEIGHT="72" WIDTH="19" VPOS="1263" HPOS="297"/>
            <String HEIGHT="72" WIDTH="414" VPOS="1263" HPOS="240" CONTENT="Courtanvaux" ID="tl_25_2" STYLEREFS="FONT1"/>
            <SP HEIGHT="72" WIDTH="19" VPOS="1263" HPOS="654"/>
            <String HEIGHT="72" WIDTH="358" VPOS="1263" HPOS="598" CONTENT="(François-César" ID="tl_25_3" STYLEREFS="FONT0"/>
            <SP HEIGHT="72" WIDTH="19" VPOS="1263" HPOS="956"/>
            <String HEIGHT="72" WIDTH="169" VPOS="1263" HPOS="899" CONTENT="Le" ID="tl_25_4" STYLEREFS="FONT2"/>
            <SP HEIGHT="72" WIDTH="19" VPOS="1263" HPOS="1069"/>
            <String HEIGHT="72" WIDTH="301" VPOS="1263" HPOS="1012" CONTENT="Tellier" ID="tl_25_5" STYLEREFS="FONT2"/>
            <SP HEIGHT="72" WIDTH="19" VPOS="1263" HPOS="1313"/>
            <String HEIGHT="72" WIDTH="207" VPOS="1263" HPOS="1257" CONTENT="maïquis" ID="tl_25_6" STYLEREFS="FONT0"/>
            <SP HEIGHT="72" WIDTH="19" VPOS="1263" HPOS="1464"/>
            <String HEIGHT="72" WIDTH="151" VPOS="1263" HPOS="1408" CONTENT="de)," ID="tl_25_7" STYLEREFS="FONT0"/>
            <SP HEIGHT="72" WIDTH="19" VPOS="1263" HPOS="1558"/>
            <String HEIGHT="72" WIDTH="94" VPOS="1263" HPOS="1483" CONTENT="co" ID="tl_25_8" STYLEREFS="FONT0"/>
          </TextLine>
        </TextBlock>
        <TextBlock ID="r_1_15" HEIGHT="154" WIDTH="1371" VPOS="1326" HPOS="198">
          <TextLine ID="tl_26" BASELINE="1387" HEIGHT="67" WIDTH="1385" VPOS="1320" HPOS="189">
            <String HEIGHT="67" WIDTH="198" VPOS="1320" HPOS="167" CONTENT="lonel" ID="tl_26_1" STYLEREFS="FONT0"/>
            <SP HEIGHT="67" WIDTH="22" VPOS="1320" HPOS="365"/>
            <String HEIGHT="67" WIDTH="154" VPOS="1320" HPOS="299" CONTENT="des" ID="tl_26_2" STYLEREFS="FONT0"/>
            <SP HEIGHT="67" WIDTH="22" VPOS="1320" HPOS="453"/>
            <String HEIGHT="67" WIDTH="176" VPOS="1320" HPOS="387" CONTENT="Cent" ID="tl_26_3" STYLEREFS="FONT0"/>
            <SP HEIGHT="67" WIDTH="22" VPOS="1320" HPOS="563"/>
            <String HEIGHT="67" WIDTH="242" VPOS="1320" HPOS="497" CONTENT="Suisses" ID="tl_26_4" STYLEREFS="FONT0"/>
            <SP HEIGHT="67" WIDTH="22" VPOS="1320" HPOS="739"/>
            <String HEIGHT="67" WIDTH="132" VPOS="1320" HPOS="673" CONTENT="de" ID="tl_26_5" STYLEREFS="FONT0"/>
            <SP HEIGHT="67" WIDTH="22" VPOS="1320" HPOS="805"/>
            <String HEIGHT="67" WIDTH="132" VPOS="1320" HPOS="739" CONTENT="la" ID="tl_26_6" STYLEREFS="FONT0"/>
            <SP HEIGHT="67" WIDTH="22" VPOS="1320" HPOS="871"/>
            <String HEIGHT="67" WIDTH="198" VPOS="1320" HPOS="805" CONTENT="garde" ID="tl_26_7" STYLEREFS="FONT0"/>
            <SP HEIGHT="67" WIDTH="22" VPOS="1320" HPOS="1002"/>
            <String HEIGHT="67" WIDTH="132" VPOS="1320" HPOS="936" CONTENT="du" ID="tl_26_8" STYLEREFS="FONT0"/>
            <SP HEIGHT="67" WIDTH="22" VPOS="1320" HPOS="1068"/>
            <String HEIGHT="67" WIDTH="176" VPOS="1320" HPOS="1002" CONTENT="roi," ID="tl_26_9" STYLEREFS="FONT0"/>
            <SP HEIGHT="67" WIDTH="22" VPOS="1320" HPOS="1178"/>
            <String HEIGHT="67" WIDTH="220" VPOS="1320" HPOS="1112" CONTENT="membre" ID="tl_26_10" STYLEREFS="FONT0"/>
            <SP HEIGHT="67" WIDTH="22" VPOS="1320" HPOS="1332"/>
            <String HEIGHT="67" WIDTH="132" VPOS="1320" HPOS="1266" CONTENT="de" ID="tl_26_11" STYLEREFS="FONT0"/>
            <SP HEIGHT="67" WIDTH="22" VPOS="1320" HPOS="1398"/>
            <String HEIGHT="67" WIDTH="264" VPOS="1320" HPOS="1310" CONTENT="l’Académie" ID="tl_26_12" STYLEREFS="FONT0"/>
          </TextLine>
          <TextLine ID="tl_27" BASELINE="1446" HEIGHT="71" WIDTH="1381" VPOS="1375" HPOS="195">
            <String HEIGHT="71" WIDTH="142" VPOS="1375" HPOS="175" CONTENT="des" ID="tl_27_1" STYLEREFS="FONT0"/>
            <SP HEIGHT="71" WIDTH="20" VPOS="1375" HPOS="317"/>
            <String HEIGHT="71" WIDTH="264" VPOS="1375" HPOS="256" CONTENT="Sciences." ID="tl_27_2" STYLEREFS="FONT0"/>
            <SP HEIGHT="71" WIDTH="20" VPOS="1375" HPOS="520"/>
            <String HEIGHT="71" WIDTH="122" VPOS="1375" HPOS="459" CONTENT="L." ID="tl_27_3" STYLEREFS="FONT0"/>
            <SP HEIGHT="71" WIDTH="20" VPOS="1375" HPOS="581"/>
            <String HEIGHT="71" WIDTH="162" VPOS="1375" HPOS="520" CONTENT="aut." ID="tl_27_4" STYLEREFS="FONT0"/>
            <SP HEIGHT="71" WIDTH="20" VPOS="1375" HPOS="682"/>
            <String HEIGHT="71" WIDTH="183" VPOS="1375" HPOS="621" CONTENT="sig.," ID="tl_27_5" STYLEREFS="FONT0"/>
            <SP HEIGHT="71" WIDTH="20" VPOS="1375" HPOS="804"/>
            <String HEIGHT="71" WIDTH="102" VPOS="1375" HPOS="743" CONTENT="à" ID="tl_27_6" STYLEREFS="FONT0"/>
            <SP HEIGHT="71" WIDTH="20" VPOS="1375" HPOS="845"/>
            <String HEIGHT="71" WIDTH="203" VPOS="1375" HPOS="784" CONTENT="l’abbé" ID="tl_27_7" STYLEREFS="FONT0"/>
            <SP HEIGHT="71" WIDTH="20" VPOS="1375" HPOS="987"/>
            <String HEIGHT="71" WIDTH="223" VPOS="1375" HPOS="926" CONTENT="Mercier" ID="tl_27_8" STYLEREFS="FONT0"/>
            <SP HEIGHT="71" WIDTH="20" VPOS="1375" HPOS="1150"/>
            <String HEIGHT="71" WIDTH="122" VPOS="1375" HPOS="1089" CONTENT="de" ID="tl_27_9" STYLEREFS="FONT0"/>
            <SP HEIGHT="71" WIDTH="20" VPOS="1375" HPOS="1210"/>
            <String HEIGHT="71" WIDTH="325" VPOS="1375" HPOS="1150" CONTENT="Saint-Léger." ID="tl_27_10" STYLEREFS="FONT0"/>
            <SP HEIGHT="71" WIDTH="20" VPOS="1375" HPOS="1474"/>
            <String HEIGHT="71" WIDTH="122" VPOS="1375" HPOS="1414" CONTENT="27" ID="tl_27_11" STYLEREFS="FONT0"/>
            <SP HEIGHT="71" WIDTH="20" VPOS="1375" HPOS="1535"/>
            <String HEIGHT="71" WIDTH="122" VPOS="1375" HPOS="1454" CONTENT="août" ID="tl_27_12" STYLEREFS="FONT0"/>
          </TextLine>
          <TextLine ID="tl_28" BASELINE="1472" HEIGHT="61" WIDTH="1382" VPOS="1411" HPOS="193">
            <String HEIGHT="61" WIDTH="622" VPOS="1411" HPOS="124" CONTENT="1765." ID="tl_28_1" STYLEREFS="FONT0"/>
            <SP HEIGHT="61" WIDTH="69" VPOS="1411" HPOS="746"/>
            <String HEIGHT="61" WIDTH="346" VPOS="1411" HPOS="539" CONTENT="1" ID="tl_28_2" STYLEREFS="FONT0"/>
            <SP HEIGHT="61" WIDTH="69" VPOS="1411" HPOS="884"/>
            <String HEIGHT="61" WIDTH="415" VPOS="1411" HPOS="677" CONTENT="p." ID="tl_28_3" STYLEREFS="FONT0"/>
            <SP HEIGHT="61" WIDTH="69" VPOS="1411" HPOS="1091"/>
            <String HEIGHT="61" WIDTH="622" VPOS="1411" HPOS="884" CONTENT="in-4." ID="tl_28_4" STYLEREFS="FONT0"/>
            <SP HEIGHT="61" WIDTH="69" VPOS="1411" HPOS="1506"/>
            <String HEIGHT="61" WIDTH="346" VPOS="1411" HPOS="1299" CONTENT="4" ID="tl_28_5" STYLEREFS="FONT0"/>
            <SP HEIGHT="61" WIDTH="69" VPOS="1411" HPOS="1644"/>
            <String HEIGHT="61" WIDTH="207" VPOS="1411" HPOS="1368" CONTENT="»" ID="tl_28_6" STYLEREFS="FONT0"/>
          </TextLine>
        </TextBlock>
        <TextBlock ID="r_1_16" HEIGHT="58" WIDTH="1414" VPOS="1470" HPOS="155">
          <TextLine ID="tl_29" BASELINE="1529" HEIGHT="77" WIDTH="1432" VPOS="1452" HPOS="146">
            <String HEIGHT="77" WIDTH="165" VPOS="1452" HPOS="128" CONTENT="2509." ID="tl_29_1" STYLEREFS="FONT0"/>
            <SP HEIGHT="77" WIDTH="18" VPOS="1452" HPOS="293"/>
            <String HEIGHT="77" WIDTH="330" VPOS="1452" HPOS="238" CONTENT="Dangeau" ID="tl_29_2" STYLEREFS="FONT1"/>
            <SP HEIGHT="77" WIDTH="18" VPOS="1452" HPOS="568"/>
            <String HEIGHT="77" WIDTH="239" VPOS="1452" HPOS="513" CONTENT="(Philippe" ID="tl_29_3" STYLEREFS="FONT0"/>
            <SP HEIGHT="77" WIDTH="18" VPOS="1452" HPOS="752"/>
            <String HEIGHT="77" WIDTH="165" VPOS="1452" HPOS="697" CONTENT="de" ID="tl_29_4" STYLEREFS="FONT2"/>
            <SP HEIGHT="77" WIDTH="18" VPOS="1452" HPOS="862"/>
            <String HEIGHT="77" WIDTH="349" VPOS="1452" HPOS="807" CONTENT="Courcillon" ID="tl_29_5" STYLEREFS="FONT2"/>
            <SP HEIGHT="77" WIDTH="18" VPOS="1452" HPOS="1156"/>
            <String HEIGHT="77" WIDTH="202" VPOS="1452" HPOS="1101" CONTENT="marquis" ID="tl_29_6" STYLEREFS="FONT0"/>
            <SP HEIGHT="77" WIDTH="18" VPOS="1452" HPOS="1303"/>
            <String HEIGHT="77" WIDTH="147" VPOS="1452" HPOS="1248" CONTENT="de)." ID="tl_29_7" STYLEREFS="FONT0"/>
            <SP HEIGHT="77" WIDTH="18" VPOS="1452" HPOS="1394"/>
            <String HEIGHT="77" WIDTH="110" VPOS="1452" HPOS="1339" CONTENT="Sa" ID="tl_29_8" STYLEREFS="FONT0"/>
            <SP HEIGHT="77" WIDTH="18" VPOS="1452" HPOS="1449"/>
            <String HEIGHT="77" WIDTH="202" VPOS="1452" HPOS="1376" CONTENT="signature" ID="tl_29_9" STYLEREFS="FONT0"/>
          </TextLine>
        </TextBlock>
        <TextBlock ID="r_1_17" HEIGHT="154" WIDTH="1368" VPOS="1518" HPOS="203">
          <TextLine ID="tl_30" BASELINE="1568" HEIGHT="58" WIDTH="1381" VPOS="1510" HPOS="195">
            <String HEIGHT="58" WIDTH="127" VPOS="1510" HPOS="174" CONTENT="et" ID="tl_30_1" STYLEREFS="FONT0"/>
            <SP HEIGHT="58" WIDTH="21" VPOS="1510" HPOS="301"/>
            <String HEIGHT="58" WIDTH="191" VPOS="1510" HPOS="237" CONTENT="celle" ID="tl_30_2" STYLEREFS="FONT0"/>
            <SP HEIGHT="58" WIDTH="21" VPOS="1510" HPOS="429"/>
            <String HEIGHT="58" WIDTH="127" VPOS="1510" HPOS="365" CONTENT="de" ID="tl_30_3" STYLEREFS="FONT0"/>
            <SP HEIGHT="58" WIDTH="21" VPOS="1510" HPOS="492"/>
            <String HEIGHT="58" WIDTH="212" VPOS="1510" HPOS="429" CONTENT="treize" ID="tl_30_4" STYLEREFS="FONT0"/>
            <SP HEIGHT="58" WIDTH="21" VPOS="1510" HPOS="641"/>
            <String HEIGHT="58" WIDTH="212" VPOS="1510" HPOS="577" CONTENT="autres" ID="tl_30_5" STYLEREFS="FONT0"/>
            <SP HEIGHT="58" WIDTH="21" VPOS="1510" HPOS="790"/>
            <String HEIGHT="58" WIDTH="212" VPOS="1510" HPOS="726" CONTENT="(Bosc," ID="tl_30_6" STYLEREFS="FONT0"/>
            <SP HEIGHT="58" WIDTH="21" VPOS="1510" HPOS="939"/>
            <String HEIGHT="58" WIDTH="127" VPOS="1510" HPOS="875" CONTENT="De" ID="tl_30_7" STYLEREFS="FONT0"/>
            <SP HEIGHT="58" WIDTH="21" VPOS="1510" HPOS="1002"/>
            <String HEIGHT="58" WIDTH="255" VPOS="1510" HPOS="939" CONTENT="Cossins," ID="tl_30_8" STYLEREFS="FONT0"/>
            <SP HEIGHT="58" WIDTH="21" VPOS="1510" HPOS="1194"/>
            <String HEIGHT="58" WIDTH="191" VPOS="1510" HPOS="1130" CONTENT="Pidou" ID="tl_30_9" STYLEREFS="FONT0"/>
            <SP HEIGHT="58" WIDTH="21" VPOS="1510" HPOS="1321"/>
            <String HEIGHT="58" WIDTH="127" VPOS="1510" HPOS="1257" CONTENT="de" ID="tl_30_10" STYLEREFS="FONT0"/>
            <SP HEIGHT="58" WIDTH="21" VPOS="1510" HPOS="1385"/>
            <String HEIGHT="58" WIDTH="276" VPOS="1510" HPOS="1300" CONTENT="Saint" ID="tl_30_11" STYLEREFS="FONT0"/>
          </TextLine>
          <TextLine ID="tl_31" BASELINE="1629" HEIGHT="63" WIDTH="1380" VPOS="1566" HPOS="195">
            <String HEIGHT="63" WIDTH="216" VPOS="1566" HPOS="173" CONTENT="l’abbé" ID="tl_31_1" STYLEREFS="FONT0"/>
            <SP HEIGHT="63" WIDTH="22" VPOS="1566" HPOS="389"/>
            <String HEIGHT="63" WIDTH="129" VPOS="1566" HPOS="324" CONTENT="de" ID="tl_31_2" STYLEREFS="FONT0"/>
            <SP HEIGHT="63" WIDTH="22" VPOS="1566" HPOS="454"/>
            <String HEIGHT="63" WIDTH="216" VPOS="1566" HPOS="389" CONTENT="Brion," ID="tl_31_3" STYLEREFS="FONT0"/>
            <SP HEIGHT="63" WIDTH="22" VPOS="1566" HPOS="605"/>
            <String HEIGHT="63" WIDTH="216" VPOS="1566" HPOS="540" CONTENT="etc.)," ID="tl_31_4" STYLEREFS="FONT0"/>
            <SP HEIGHT="63" WIDTH="22" VPOS="1566" HPOS="756"/>
            <String HEIGHT="63" WIDTH="108" VPOS="1566" HPOS="691" CONTENT="à" ID="tl_31_5" STYLEREFS="FONT0"/>
            <SP HEIGHT="63" WIDTH="22" VPOS="1566" HPOS="799"/>
            <String HEIGHT="63" WIDTH="129" VPOS="1566" HPOS="734" CONTENT="la" ID="tl_31_6" STYLEREFS="FONT0"/>
            <SP HEIGHT="63" WIDTH="22" VPOS="1566" HPOS="863"/>
            <String HEIGHT="63" WIDTH="151" VPOS="1566" HPOS="799" CONTENT="fin" ID="tl_31_7" STYLEREFS="FONT0"/>
            <SP HEIGHT="63" WIDTH="22" VPOS="1566" HPOS="950"/>
            <String HEIGHT="63" WIDTH="173" VPOS="1566" HPOS="885" CONTENT="d’un" ID="tl_31_8" STYLEREFS="FONT0"/>
            <SP HEIGHT="63" WIDTH="22" VPOS="1566" HPOS="1058"/>
            <String HEIGHT="63" WIDTH="173" VPOS="1566" HPOS="993" CONTENT="acte" ID="tl_31_9" STYLEREFS="FONT0"/>
            <SP HEIGHT="63" WIDTH="22" VPOS="1566" HPOS="1165"/>
            <String HEIGHT="63" WIDTH="237" VPOS="1566" HPOS="1101" CONTENT="notarié" ID="tl_31_10" STYLEREFS="FONT0"/>
            <SP HEIGHT="63" WIDTH="22" VPOS="1566" HPOS="1338"/>
            <String HEIGHT="63" WIDTH="302" VPOS="1566" HPOS="1273" CONTENT="(incomplet" ID="tl_31_11" STYLEREFS="FONT0"/>
            <SP HEIGHT="63" WIDTH="22" VPOS="1566" HPOS="1575"/>
            <String HEIGHT="63" WIDTH="86" VPOS="1566" HPOS="1489" CONTENT="du" ID="tl_31_12" STYLEREFS="FONT0"/>
          </TextLine>
          <TextLine ID="tl_32" BASELINE="1665" HEIGHT="57" WIDTH="1379" VPOS="1608" HPOS="199">
            <String HEIGHT="57" WIDTH="477" VPOS="1608" HPOS="172" CONTENT="commencement)." ID="tl_32_1" STYLEREFS="FONT0"/>
            <SP HEIGHT="57" WIDTH="27" VPOS="1608" HPOS="650"/>
            <String HEIGHT="57" WIDTH="159" VPOS="1608" HPOS="570" CONTENT="24" ID="tl_32_2" STYLEREFS="FONT0"/>
            <SP HEIGHT="57" WIDTH="27" VPOS="1608" HPOS="729"/>
            <String HEIGHT="57" WIDTH="292" VPOS="1608" HPOS="650" CONTENT="février" ID="tl_32_3" STYLEREFS="FONT0"/>
            <SP HEIGHT="57" WIDTH="27" VPOS="1608" HPOS="942"/>
            <String HEIGHT="57" WIDTH="239" VPOS="1608" HPOS="862" CONTENT="1717." ID="tl_32_4" STYLEREFS="FONT0"/>
            <SP HEIGHT="57" WIDTH="27" VPOS="1608" HPOS="1101"/>
            <String HEIGHT="57" WIDTH="133" VPOS="1608" HPOS="1021" CONTENT="1" ID="tl_32_5" STYLEREFS="FONT0"/>
            <SP HEIGHT="57" WIDTH="27" VPOS="1608" HPOS="1154"/>
            <String HEIGHT="57" WIDTH="186" VPOS="1608" HPOS="1074" CONTENT="gr." ID="tl_32_6" STYLEREFS="FONT0"/>
            <SP HEIGHT="57" WIDTH="27" VPOS="1608" HPOS="1260"/>
            <String HEIGHT="57" WIDTH="159" VPOS="1608" HPOS="1180" CONTENT="p." ID="tl_32_7" STYLEREFS="FONT0"/>
            <SP HEIGHT="57" WIDTH="27" VPOS="1608" HPOS="1339"/>
            <String HEIGHT="57" WIDTH="292" VPOS="1608" HPOS="1260" CONTENT="in-fol." ID="tl_32_8" STYLEREFS="FONT0"/>
            <SP HEIGHT="57" WIDTH="27" VPOS="1608" HPOS="1551"/>
            <String HEIGHT="57" WIDTH="133" VPOS="1608" HPOS="1472" CONTENT="5" ID="tl_32_9" STYLEREFS="FONT0"/>
            <SP HEIGHT="57" WIDTH="27" VPOS="1608" HPOS="1605"/>
            <String HEIGHT="57" WIDTH="80" VPOS="1608" HPOS="1498" CONTENT="»" ID="tl_32_10" STYLEREFS="FONT0"/>
          </TextLine>
        </TextBlock>
        <TextBlock ID="r_1_18" HEIGHT="58" WIDTH="1413" VPOS="1662" HPOS="158">
          <TextLine ID="tl_33" BASELINE="1719" HEIGHT="70" WIDTH="1430" VPOS="1649" HPOS="150">
            <String HEIGHT="70" WIDTH="187" VPOS="1649" HPOS="129" CONTENT="2510." ID="tl_33_1" STYLEREFS="FONT0"/>
            <SP HEIGHT="70" WIDTH="21" VPOS="1649" HPOS="316"/>
            <String HEIGHT="70" WIDTH="373" VPOS="1649" HPOS="254" CONTENT="Danton," ID="tl_33_2" STYLEREFS="FONT1"/>
            <SP HEIGHT="70" WIDTH="21" VPOS="1649" HPOS="627"/>
            <String HEIGHT="70" WIDTH="373" VPOS="1649" HPOS="564" CONTENT="conventionnel," ID="tl_33_3" STYLEREFS="FONT0"/>
            <SP HEIGHT="70" WIDTH="21" VPOS="1649" HPOS="938"/>
            <String HEIGHT="70" WIDTH="249" VPOS="1649" HPOS="875" CONTENT="ministre" ID="tl_33_4" STYLEREFS="FONT0"/>
            <SP HEIGHT="70" WIDTH="21" VPOS="1649" HPOS="1124"/>
            <String HEIGHT="70" WIDTH="124" VPOS="1649" HPOS="1062" CONTENT="de" ID="tl_33_5" STYLEREFS="FONT0"/>
            <SP HEIGHT="70" WIDTH="21" VPOS="1649" HPOS="1186"/>
            <String HEIGHT="70" WIDTH="124" VPOS="1649" HPOS="1124" CONTENT="la" ID="tl_33_6" STYLEREFS="FONT0"/>
            <SP HEIGHT="70" WIDTH="21" VPOS="1649" HPOS="1248"/>
            <String HEIGHT="70" WIDTH="249" VPOS="1649" HPOS="1186" CONTENT="justice." ID="tl_33_7" STYLEREFS="FONT0"/>
            <SP HEIGHT="70" WIDTH="21" VPOS="1649" HPOS="1435"/>
            <String HEIGHT="70" WIDTH="228" VPOS="1649" HPOS="1352" CONTENT="Apostille" ID="tl_33_8" STYLEREFS="FONT0"/>
          </TextLine>
        </TextBlock>
        <TextBlock ID="r_1_19" HEIGHT="294" WIDTH="1368" VPOS="1710" HPOS="207">
          <TextLine ID="tl_34" BASELINE="1769" HEIGHT="59" WIDTH="1380" VPOS="1710" HPOS="198">
            <String HEIGHT="59" WIDTH="125" VPOS="1710" HPOS="177" CONTENT="de" ID="tl_34_1" STYLEREFS="FONT0"/>
            <SP HEIGHT="59" WIDTH="21" VPOS="1710" HPOS="303"/>
            <String HEIGHT="59" WIDTH="167" VPOS="1710" HPOS="240" CONTENT="cinq" ID="tl_34_2" STYLEREFS="FONT0"/>
            <SP HEIGHT="59" WIDTH="21" VPOS="1710" HPOS="407"/>
            <String HEIGHT="59" WIDTH="230" VPOS="1710" HPOS="344" CONTENT="petites" ID="tl_34_3" STYLEREFS="FONT0"/>
            <SP HEIGHT="59" WIDTH="21" VPOS="1710" HPOS="574"/>
            <String HEIGHT="59" WIDTH="209" VPOS="1710" HPOS="512" CONTENT="lignes" ID="tl_34_4" STYLEREFS="FONT0"/>
            <SP HEIGHT="59" WIDTH="21" VPOS="1710" HPOS="721"/>
            <String HEIGHT="59" WIDTH="167" VPOS="1710" HPOS="658" CONTENT="aut." ID="tl_34_5" STYLEREFS="FONT0"/>
            <SP HEIGHT="59" WIDTH="21" VPOS="1710" HPOS="825"/>
            <String HEIGHT="59" WIDTH="188" VPOS="1710" HPOS="763" CONTENT="sig.," ID="tl_34_6" STYLEREFS="FONT0"/>
            <SP HEIGHT="59" WIDTH="21" VPOS="1710" HPOS="951"/>
            <String HEIGHT="59" WIDTH="125" VPOS="1710" HPOS="888" CONTENT="au" ID="tl_34_7" STYLEREFS="FONT0"/>
            <SP HEIGHT="59" WIDTH="21" VPOS="1710" HPOS="1013"/>
            <String HEIGHT="59" WIDTH="146" VPOS="1710" HPOS="951" CONTENT="bas" ID="tl_34_8" STYLEREFS="FONT0"/>
            <SP HEIGHT="59" WIDTH="21" VPOS="1710" HPOS="1097"/>
            <String HEIGHT="59" WIDTH="188" VPOS="1710" HPOS="1034" CONTENT="d’une" ID="tl_34_9" STYLEREFS="FONT0"/>
            <SP HEIGHT="59" WIDTH="21" VPOS="1710" HPOS="1223"/>
            <String HEIGHT="59" WIDTH="209" VPOS="1710" HPOS="1160" CONTENT="lettre" ID="tl_34_10" STYLEREFS="FONT0"/>
            <SP HEIGHT="59" WIDTH="21" VPOS="1710" HPOS="1369"/>
            <String HEIGHT="59" WIDTH="167" VPOS="1710" HPOS="1306" CONTENT="aut." ID="tl_34_11" STYLEREFS="FONT0"/>
            <SP HEIGHT="59" WIDTH="21" VPOS="1710" HPOS="1473"/>
            <String HEIGHT="59" WIDTH="167" VPOS="1710" HPOS="1411" CONTENT="sig." ID="tl_34_12" STYLEREFS="FONT0"/>
            <SP HEIGHT="59" WIDTH="21" VPOS="1710" HPOS="1578"/>
            <String HEIGHT="59" WIDTH="84" VPOS="1710" HPOS="1494" CONTENT="de" ID="tl_34_13" STYLEREFS="FONT0"/>
          </TextLine>
          <TextLine ID="tl_35" BASELINE="1811" HEIGHT="60" WIDTH="1378" VPOS="1751" HPOS="201">
            <String HEIGHT="60" WIDTH="467" VPOS="1751" HPOS="179" CONTENT="Guillaume-Jacques" ID="tl_35_1" STYLEREFS="FONT0"/>
            <SP HEIGHT="60" WIDTH="22" VPOS="1751" HPOS="646"/>
            <String HEIGHT="60" WIDTH="244" VPOS="1751" HPOS="579" CONTENT="Mollet," ID="tl_35_2" STYLEREFS="FONT0"/>
            <SP HEIGHT="60" WIDTH="22" VPOS="1751" HPOS="823"/>
            <String HEIGHT="60" WIDTH="244" VPOS="1751" HPOS="757" CONTENT="docteur" ID="tl_35_3" STYLEREFS="FONT0"/>
            <SP HEIGHT="60" WIDTH="22" VPOS="1751" HPOS="1001"/>
            <String HEIGHT="60" WIDTH="133" VPOS="1751" HPOS="934" CONTENT="en" ID="tl_35_4" STYLEREFS="FONT0"/>
            <SP HEIGHT="60" WIDTH="22" VPOS="1751" HPOS="1068"/>
            <String HEIGHT="60" WIDTH="267" VPOS="1751" HPOS="1001" CONTENT="médecine" ID="tl_35_5" STYLEREFS="FONT0"/>
            <SP HEIGHT="60" WIDTH="22" VPOS="1751" HPOS="1268"/>
            <String HEIGHT="60" WIDTH="133" VPOS="1751" HPOS="1201" CONTENT="de" ID="tl_35_6" STYLEREFS="FONT0"/>
            <SP HEIGHT="60" WIDTH="22" VPOS="1751" HPOS="1335"/>
            <String HEIGHT="60" WIDTH="133" VPOS="1751" HPOS="1268" CONTENT="la" ID="tl_35_7" STYLEREFS="FONT0"/>
            <SP HEIGHT="60" WIDTH="22" VPOS="1751" HPOS="1401"/>
            <String HEIGHT="60" WIDTH="244" VPOS="1751" HPOS="1335" CONTENT="faculté" ID="tl_35_8" STYLEREFS="FONT0"/>
            <SP HEIGHT="60" WIDTH="22" VPOS="1751" HPOS="1579"/>
            <String HEIGHT="60" WIDTH="89" VPOS="1751" HPOS="1490" CONTENT="de" ID="tl_35_9" STYLEREFS="FONT0"/>
          </TextLine>
          <TextLine ID="tl_36" BASELINE="1865" HEIGHT="63" WIDTH="1381" VPOS="1802" HPOS="199">
            <String HEIGHT="63" WIDTH="245" VPOS="1802" HPOS="177" CONTENT="Rheims," ID="tl_36_1" STYLEREFS="FONT0"/>
            <SP HEIGHT="63" WIDTH="22" VPOS="1802" HPOS="422"/>
            <String HEIGHT="63" WIDTH="134" VPOS="1802" HPOS="355" CONTENT="et" ID="tl_36_2" STYLEREFS="FONT0"/>
            <SP HEIGHT="63" WIDTH="22" VPOS="1802" HPOS="489"/>
            <String HEIGHT="63" WIDTH="245" VPOS="1802" HPOS="422" CONTENT="docteur" ID="tl_36_3" STYLEREFS="FONT0"/>
            <SP HEIGHT="63" WIDTH="22" VPOS="1802" HPOS="667"/>
            <String HEIGHT="63" WIDTH="223" VPOS="1802" HPOS="600" CONTENT="régent" ID="tl_36_4" STYLEREFS="FONT0"/>
            <SP HEIGHT="63" WIDTH="22" VPOS="1802" HPOS="823"/>
            <String HEIGHT="63" WIDTH="134" VPOS="1802" HPOS="756" CONTENT="de" ID="tl_36_5" STYLEREFS="FONT0"/>
            <SP HEIGHT="63" WIDTH="22" VPOS="1802" HPOS="890"/>
            <String HEIGHT="63" WIDTH="200" VPOS="1802" HPOS="823" CONTENT="celle" ID="tl_36_6" STYLEREFS="FONT0"/>
            <SP HEIGHT="63" WIDTH="22" VPOS="1802" HPOS="1023"/>
            <String HEIGHT="63" WIDTH="134" VPOS="1802" HPOS="956" CONTENT="de" ID="tl_36_7" STYLEREFS="FONT0"/>
            <SP HEIGHT="63" WIDTH="22" VPOS="1802" HPOS="1090"/>
            <String HEIGHT="63" WIDTH="245" VPOS="1802" HPOS="1023" CONTENT="Nantes," ID="tl_36_8" STYLEREFS="FONT0"/>
            <SP HEIGHT="63" WIDTH="22" VPOS="1802" HPOS="1268"/>
            <String HEIGHT="63" WIDTH="290" VPOS="1802" HPOS="1201" CONTENT="demandant" ID="tl_36_9" STYLEREFS="FONT0"/>
            <SP HEIGHT="63" WIDTH="22" VPOS="1802" HPOS="1491"/>
            <String HEIGHT="63" WIDTH="111" VPOS="1802" HPOS="1424" CONTENT="à" ID="tl_36_10" STYLEREFS="FONT0"/>
            <SP HEIGHT="63" WIDTH="22" VPOS="1802" HPOS="1535"/>
            <String HEIGHT="63" WIDTH="134" VPOS="1802" HPOS="1446" CONTENT="être" ID="tl_36_11" STYLEREFS="FONT0"/>
          </TextLine>
          <TextLine ID="tl_37" BASELINE="1910" HEIGHT="62" WIDTH="1380" VPOS="1848" HPOS="202">
            <String HEIGHT="62" WIDTH="218" VPOS="1848" HPOS="178" CONTENT="nommé" ID="tl_37_1" STYLEREFS="FONT0"/>
            <SP HEIGHT="62" WIDTH="24" VPOS="1848" HPOS="396"/>
            <String HEIGHT="62" WIDTH="266" VPOS="1848" HPOS="323" CONTENT="médecin" ID="tl_37_2" STYLEREFS="FONT0"/>
            <SP HEIGHT="62" WIDTH="24" VPOS="1848" HPOS="589"/>
            <String HEIGHT="62" WIDTH="145" VPOS="1848" HPOS="517" CONTENT="du" ID="tl_37_3" STYLEREFS="FONT0"/>
            <SP HEIGHT="62" WIDTH="24" VPOS="1848" HPOS="662"/>
            <String HEIGHT="62" WIDTH="194" VPOS="1848" HPOS="589" CONTENT="camp" ID="tl_37_4" STYLEREFS="FONT0"/>
            <SP HEIGHT="62" WIDTH="24" VPOS="1848" HPOS="783"/>
            <String HEIGHT="62" WIDTH="169" VPOS="1848" HPOS="710" CONTENT="qui" ID="tl_37_5" STYLEREFS="FONT0"/>
            <SP HEIGHT="62" WIDTH="24" VPOS="1848" HPOS="880"/>
            <String HEIGHT="62" WIDTH="145" VPOS="1848" HPOS="807" CONTENT="va" ID="tl_37_6" STYLEREFS="FONT0"/>
            <SP HEIGHT="62" WIDTH="24" VPOS="1848" HPOS="953"/>
            <String HEIGHT="62" WIDTH="145" VPOS="1848" HPOS="880" CONTENT="se" ID="tl_37_7" STYLEREFS="FONT0"/>
            <SP HEIGHT="62" WIDTH="24" VPOS="1848" HPOS="1025"/>
            <String HEIGHT="62" WIDTH="242" VPOS="1848" HPOS="953" CONTENT="former" ID="tl_37_8" STYLEREFS="FONT0"/>
            <SP HEIGHT="62" WIDTH="24" VPOS="1848" HPOS="1195"/>
            <String HEIGHT="62" WIDTH="194" VPOS="1848" HPOS="1122" CONTENT="sous" ID="tl_37_9" STYLEREFS="FONT0"/>
            <SP HEIGHT="62" WIDTH="24" VPOS="1848" HPOS="1316"/>
            <String HEIGHT="62" WIDTH="242" VPOS="1848" HPOS="1243" CONTENT="Paris." ID="tl_37_10" STYLEREFS="FONT0"/>
            <SP HEIGHT="62" WIDTH="24" VPOS="1848" HPOS="1485"/>
            <String HEIGHT="62" WIDTH="194" VPOS="1848" HPOS="1388" CONTENT="Paris," ID="tl_37_11" STYLEREFS="FONT0"/>
          </TextLine>
          <TextLine ID="tl_38" BASELINE="1953" HEIGHT="61" WIDTH="1382" VPOS="1892" HPOS="201">
            <String HEIGHT="61" WIDTH="122" VPOS="1892" HPOS="181" CONTENT="20" ID="tl_38_1" STYLEREFS="FONT0"/>
            <SP HEIGHT="61" WIDTH="20" VPOS="1892" HPOS="303"/>
            <String HEIGHT="61" WIDTH="163" VPOS="1892" HPOS="242" CONTENT="août" ID="tl_38_2" STYLEREFS="FONT0"/>
            <SP HEIGHT="61" WIDTH="20" VPOS="1892" HPOS="404"/>
            <String HEIGHT="61" WIDTH="183" VPOS="1892" HPOS="343" CONTENT="1792." ID="tl_38_3" STYLEREFS="FONT0"/>
            <SP HEIGHT="61" WIDTH="20" VPOS="1892" HPOS="526"/>
            <String HEIGHT="61" WIDTH="102" VPOS="1892" HPOS="465" CONTENT="2" ID="tl_38_4" STYLEREFS="FONT0"/>
            <SP HEIGHT="61" WIDTH="20" VPOS="1892" HPOS="567"/>
            <String HEIGHT="61" WIDTH="142" VPOS="1892" HPOS="506" CONTENT="gr." ID="tl_38_5" STYLEREFS="FONT0"/>
            <SP HEIGHT="61" WIDTH="20" VPOS="1892" HPOS="648"/>
            <String HEIGHT="61" WIDTH="122" VPOS="1892" HPOS="587" CONTENT="p." ID="tl_38_6" STYLEREFS="FONT0"/>
            <SP HEIGHT="61" WIDTH="20" VPOS="1892" HPOS="709"/>
            <String HEIGHT="61" WIDTH="142" VPOS="1892" HPOS="648" CONTENT="pl." ID="tl_38_7" STYLEREFS="FONT0"/>
            <SP HEIGHT="61" WIDTH="20" VPOS="1892" HPOS="790"/>
            <String HEIGHT="61" WIDTH="224" VPOS="1892" HPOS="729" CONTENT="in-fol." ID="tl_38_8" STYLEREFS="FONT0"/>
            <SP HEIGHT="61" WIDTH="20" VPOS="1892" HPOS="953"/>
            <String HEIGHT="61" WIDTH="203" VPOS="1892" HPOS="892" CONTENT="(Cette" ID="tl_38_9" STYLEREFS="FONT0"/>
            <SP HEIGHT="61" WIDTH="20" VPOS="1892" HPOS="1095"/>
            <String HEIGHT="61" WIDTH="183" VPOS="1892" HPOS="1034" CONTENT="pièce" ID="tl_38_10" STYLEREFS="FONT0"/>
            <SP HEIGHT="61" WIDTH="20" VPOS="1892" HPOS="1217"/>
            <String HEIGHT="61" WIDTH="142" VPOS="1892" HPOS="1156" CONTENT="est" ID="tl_38_11" STYLEREFS="FONT0"/>
            <SP HEIGHT="61" WIDTH="20" VPOS="1892" HPOS="1298"/>
            <String HEIGHT="61" WIDTH="183" VPOS="1892" HPOS="1238" CONTENT="aussi" ID="tl_38_12" STYLEREFS="FONT0"/>
            <SP HEIGHT="61" WIDTH="20" VPOS="1892" HPOS="1420"/>
            <String HEIGHT="61" WIDTH="203" VPOS="1892" HPOS="1359" CONTENT="signée" ID="tl_38_13" STYLEREFS="FONT0"/>
            <SP HEIGHT="61" WIDTH="20" VPOS="1892" HPOS="1563"/>
            <String HEIGHT="61" WIDTH="102" VPOS="1892" HPOS="1481" CONTENT="par" ID="tl_38_14" STYLEREFS="FONT0"/>
          </TextLine>
          <TextLine ID="tl_39" BASELINE="2011" HEIGHT="62" WIDTH="1380" VPOS="1949" HPOS="201">
            <String HEIGHT="62" WIDTH="323" VPOS="1949" HPOS="172" CONTENT="Bazire," ID="tl_39_1" STYLEREFS="FONT0"/>
            <SP HEIGHT="62" WIDTH="29" VPOS="1949" HPOS="495"/>
            <String HEIGHT="62" WIDTH="294" VPOS="1949" HPOS="407" CONTENT="Merlin" ID="tl_39_2" STYLEREFS="FONT0"/>
            <SP HEIGHT="62" WIDTH="29" VPOS="1949" HPOS="700"/>
            <String HEIGHT="62" WIDTH="206" VPOS="1949" HPOS="612" CONTENT="(de" ID="tl_39_3" STYLEREFS="FONT0"/>
            <SP HEIGHT="62" WIDTH="29" VPOS="1949" HPOS="818"/>
            <String HEIGHT="62" WIDTH="440" VPOS="1949" HPOS="730" CONTENT="Thionville)" ID="tl_39_4" STYLEREFS="FONT0"/>
            <SP HEIGHT="62" WIDTH="29" VPOS="1949" HPOS="1170"/>
            <String HEIGHT="62" WIDTH="176" VPOS="1949" HPOS="1082" CONTENT="et" ID="tl_39_5" STYLEREFS="FONT0"/>
            <SP HEIGHT="62" WIDTH="29" VPOS="1949" HPOS="1258"/>
            <String HEIGHT="62" WIDTH="352" VPOS="1949" HPOS="1170" CONTENT="Albitte." ID="tl_39_6" STYLEREFS="FONT0"/>
            <SP HEIGHT="62" WIDTH="29" VPOS="1949" HPOS="1522"/>
            <String HEIGHT="62" WIDTH="176" VPOS="1949" HPOS="1434" CONTENT="30" ID="tl_39_7" STYLEREFS="FONT0"/>
            <SP HEIGHT="62" WIDTH="29" VPOS="1949" HPOS="1610"/>
            <String HEIGHT="62" WIDTH="88" VPOS="1949" HPOS="1493" CONTENT="»" ID="tl_39_8" STYLEREFS="FONT0"/>
          </TextLine>
        </TextBlock>
        <TextBlock ID="r_1_20" HEIGHT="247" WIDTH="1366" VPOS="1997" HPOS="213">
          <TextLine ID="tl_40" BASELINE="2059" HEIGHT="72" WIDTH="1323" VPOS="1987" HPOS="260">
            <String HEIGHT="72" WIDTH="147" VPOS="1987" HPOS="239" CONTENT="..." ID="tl_40_1" STYLEREFS="FONT0"/>
            <SP HEIGHT="72" WIDTH="21" VPOS="1987" HPOS="386"/>
            <String HEIGHT="72" WIDTH="210" VPOS="1987" HPOS="323" CONTENT="Mollet" ID="tl_40_2" STYLEREFS="FONT0"/>
            <SP HEIGHT="72" WIDTH="21" VPOS="1987" HPOS="533"/>
            <String HEIGHT="72" WIDTH="105" VPOS="1987" HPOS="470" CONTENT="a" ID="tl_40_3" STYLEREFS="FONT0"/>
            <SP HEIGHT="72" WIDTH="21" VPOS="1987" HPOS="575"/>
            <String HEIGHT="72" WIDTH="189" VPOS="1987" HPOS="512" CONTENT="enfin" ID="tl_40_4" STYLEREFS="FONT0"/>
            <SP HEIGHT="72" WIDTH="21" VPOS="1987" HPOS="701"/>
            <String HEIGHT="72" WIDTH="126" VPOS="1987" HPOS="638" CONTENT="le" ID="tl_40_5" STYLEREFS="FONT0"/>
            <SP HEIGHT="72" WIDTH="21" VPOS="1987" HPOS="764"/>
            <String HEIGHT="72" WIDTH="231" VPOS="1987" HPOS="701" CONTENT="bonheur" ID="tl_40_6" STYLEREFS="FONT0"/>
            <SP HEIGHT="72" WIDTH="21" VPOS="1987" HPOS="932"/>
            <String HEIGHT="72" WIDTH="126" VPOS="1987" HPOS="869" CONTENT="de" ID="tl_40_7" STYLEREFS="FONT0"/>
            <SP HEIGHT="72" WIDTH="21" VPOS="1987" HPOS="995"/>
            <String HEIGHT="72" WIDTH="231" VPOS="1987" HPOS="932" CONTENT="pouvoir" ID="tl_40_8" STYLEREFS="FONT0"/>
            <SP HEIGHT="72" WIDTH="21" VPOS="1987" HPOS="1163"/>
            <String HEIGHT="72" WIDTH="294" VPOS="1987" HPOS="1100" CONTENT="s’adresser" ID="tl_40_9" STYLEREFS="FONT0"/>
            <SP HEIGHT="72" WIDTH="21" VPOS="1987" HPOS="1394"/>
            <String HEIGHT="72" WIDTH="273" VPOS="1987" HPOS="1310" CONTENT="aujourd’hui" ID="tl_40_10" STYLEREFS="FONT0"/>
          </TextLine>
          <TextLine ID="tl_41" BASELINE="2103" HEIGHT="66" WIDTH="1378" VPOS="2037" HPOS="205">
            <String HEIGHT="66" WIDTH="103" VPOS="2037" HPOS="184" CONTENT="à" ID="tl_41_1" STYLEREFS="FONT0"/>
            <SP HEIGHT="66" WIDTH="21" VPOS="2037" HPOS="287"/>
            <String HEIGHT="66" WIDTH="123" VPOS="2037" HPOS="226" CONTENT="un" ID="tl_41_2" STYLEREFS="FONT0"/>
            <SP HEIGHT="66" WIDTH="21" VPOS="2037" HPOS="349"/>
            <String HEIGHT="66" WIDTH="267" VPOS="2037" HPOS="287" CONTENT="véritable" ID="tl_41_3" STYLEREFS="FONT0"/>
            <SP HEIGHT="66" WIDTH="21" VPOS="2037" HPOS="555"/>
            <String HEIGHT="66" WIDTH="247" VPOS="2037" HPOS="493" CONTENT="patriote" ID="tl_41_4" STYLEREFS="FONT0"/>
            <SP HEIGHT="66" WIDTH="21" VPOS="2037" HPOS="740"/>
            <String HEIGHT="66" WIDTH="144" VPOS="2037" HPOS="678" CONTENT="qui" ID="tl_41_5" STYLEREFS="FONT0"/>
            <SP HEIGHT="66" WIDTH="21" VPOS="2037" HPOS="822"/>
            <String HEIGHT="66" WIDTH="123" VPOS="2037" HPOS="760" CONTENT="ne" ID="tl_41_6" STYLEREFS="FONT0"/>
            <SP HEIGHT="66" WIDTH="21" VPOS="2037" HPOS="884"/>
            <String HEIGHT="66" WIDTH="144" VPOS="2037" HPOS="822" CONTENT="lui" ID="tl_41_7" STYLEREFS="FONT0"/>
            <SP HEIGHT="66" WIDTH="21" VPOS="2037" HPOS="966"/>
            <String HEIGHT="66" WIDTH="247" VPOS="2037" HPOS="904" CONTENT="répondra" ID="tl_41_8" STYLEREFS="FONT0"/>
            <SP HEIGHT="66" WIDTH="21" VPOS="2037" HPOS="1151"/>
            <String HEIGHT="66" WIDTH="165" VPOS="2037" HPOS="1089" CONTENT="pas," ID="tl_41_9" STYLEREFS="FONT0"/>
            <SP HEIGHT="66" WIDTH="21" VPOS="2037" HPOS="1254"/>
            <String HEIGHT="66" WIDTH="123" VPOS="2037" HPOS="1192" CONTENT="il" ID="tl_41_10" STYLEREFS="FONT0"/>
            <SP HEIGHT="66" WIDTH="21" VPOS="2037" HPOS="1316"/>
            <String HEIGHT="66" WIDTH="123" VPOS="2037" HPOS="1254" CONTENT="en" ID="tl_41_11" STYLEREFS="FONT0"/>
            <SP HEIGHT="66" WIDTH="21" VPOS="2037" HPOS="1377"/>
            <String HEIGHT="66" WIDTH="144" VPOS="2037" HPOS="1316" CONTENT="est" ID="tl_41_12" STYLEREFS="FONT0"/>
            <SP HEIGHT="66" WIDTH="21" VPOS="2037" HPOS="1460"/>
            <String HEIGHT="66" WIDTH="206" VPOS="2037" HPOS="1377" CONTENT="certain," ID="tl_41_13" STYLEREFS="FONT0"/>
          </TextLine>
          <TextLine ID="tl_42" BASELINE="2142" HEIGHT="60" WIDTH="1377" VPOS="2082" HPOS="206">
            <String HEIGHT="60" WIDTH="200" VPOS="2082" HPOS="184" CONTENT="comme" ID="tl_42_1" STYLEREFS="FONT0"/>
            <SP HEIGHT="60" WIDTH="22" VPOS="2082" HPOS="384"/>
            <String HEIGHT="60" WIDTH="155" VPOS="2082" HPOS="317" CONTENT="ses" ID="tl_42_2" STYLEREFS="FONT0"/>
            <SP HEIGHT="60" WIDTH="22" VPOS="2082" HPOS="473"/>
            <String HEIGHT="60" WIDTH="400" VPOS="2082" HPOS="406" CONTENT="prédécesseurs," ID="tl_42_3" STYLEREFS="FONT0"/>
            <SP HEIGHT="60" WIDTH="22" VPOS="2082" HPOS="806"/>
            <String HEIGHT="60" WIDTH="200" VPOS="2082" HPOS="739" CONTENT="qu’il" ID="tl_42_4" STYLEREFS="FONT0"/>
            <SP HEIGHT="60" WIDTH="22" VPOS="2082" HPOS="939"/>
            <String HEIGHT="60" WIDTH="155" VPOS="2082" HPOS="872" CONTENT="est" ID="tl_42_5" STYLEREFS="FONT0"/>
            <SP HEIGHT="60" WIDTH="22" VPOS="2082" HPOS="1028"/>
            <String HEIGHT="60" WIDTH="178" VPOS="2082" HPOS="961" CONTENT="trop" ID="tl_42_6" STYLEREFS="FONT0"/>
            <SP HEIGHT="60" WIDTH="22" VPOS="2082" HPOS="1139"/>
            <String HEIGHT="60" WIDTH="244" VPOS="2082" HPOS="1072" CONTENT="brûlant" ID="tl_42_7" STYLEREFS="FONT0"/>
            <SP HEIGHT="60" WIDTH="22" VPOS="2082" HPOS="1316"/>
            <String HEIGHT="60" WIDTH="133" VPOS="2082" HPOS="1250" CONTENT="de" ID="tl_42_8" STYLEREFS="FONT0"/>
            <SP HEIGHT="60" WIDTH="22" VPOS="2082" HPOS="1383"/>
            <String HEIGHT="60" WIDTH="289" VPOS="2082" HPOS="1294" CONTENT="patriotisme" ID="tl_42_9" STYLEREFS="FONT0"/>
          </TextLine>
          <TextLine ID="tl_43" BASELINE="2204" HEIGHT="61" WIDTH="1382" VPOS="2143" HPOS="205">
            <String HEIGHT="61" WIDTH="168" VPOS="2143" HPOS="184" CONTENT="pour" ID="tl_43_1" STYLEREFS="FONT0"/>
            <SP HEIGHT="61" WIDTH="21" VPOS="2143" HPOS="352"/>
            <String HEIGHT="61" WIDTH="168" VPOS="2143" HPOS="289" CONTENT="l’on" ID="tl_43_2" STYLEREFS="FONT0"/>
            <SP HEIGHT="61" WIDTH="21" VPOS="2143" HPOS="456"/>
            <String HEIGHT="61" WIDTH="147" VPOS="2143" HPOS="393" CONTENT="lui" ID="tl_43_3" STYLEREFS="FONT0"/>
            <SP HEIGHT="61" WIDTH="21" VPOS="2143" HPOS="540"/>
            <String HEIGHT="61" WIDTH="209" VPOS="2143" HPOS="477" CONTENT="confie" ID="tl_43_4" STYLEREFS="FONT0"/>
            <SP HEIGHT="61" WIDTH="21" VPOS="2143" HPOS="687"/>
            <String HEIGHT="61" WIDTH="126" VPOS="2143" HPOS="624" CONTENT="un" ID="tl_43_5" STYLEREFS="FONT0"/>
            <SP HEIGHT="61" WIDTH="21" VPOS="2143" HPOS="749"/>
            <String HEIGHT="61" WIDTH="230" VPOS="2143" HPOS="687" CONTENT="emploi," ID="tl_43_6" STYLEREFS="FONT0"/>
            <SP HEIGHT="61" WIDTH="21" VPOS="2143" HPOS="917"/>
            <String HEIGHT="61" WIDTH="168" VPOS="2143" HPOS="854" CONTENT="dans" ID="tl_43_7" STYLEREFS="FONT0"/>
            <SP HEIGHT="61" WIDTH="21" VPOS="2143" HPOS="1022"/>
            <String HEIGHT="61" WIDTH="209" VPOS="2143" HPOS="959" CONTENT="lequel" ID="tl_43_8" STYLEREFS="FONT0"/>
            <SP HEIGHT="61" WIDTH="21" VPOS="2143" HPOS="1168"/>
            <String HEIGHT="61" WIDTH="126" VPOS="2143" HPOS="1105" CONTENT="il" ID="tl_43_9" STYLEREFS="FONT0"/>
            <SP HEIGHT="61" WIDTH="21" VPOS="2143" HPOS="1231"/>
            <String HEIGHT="61" WIDTH="335" VPOS="2143" HPOS="1168" CONTENT="échaufferoit" ID="tl_43_10" STYLEREFS="FONT0"/>
            <SP HEIGHT="61" WIDTH="21" VPOS="2143" HPOS="1503"/>
            <String HEIGHT="61" WIDTH="168" VPOS="2143" HPOS="1419" CONTENT="conti" SUBS_TYPE="HypPart1" SUBS_CONTENT="continuellement" ID="tl_43_11" STYLEREFS="FONT0"/>
            <HYP CONTENT="-"/>
          </TextLine>
          <TextLine ID="tl_44" BASELINE="2236" HEIGHT="51" WIDTH="1374" VPOS="2185" HPOS="207">
            <String HEIGHT="51" WIDTH="287" VPOS="2185" HPOS="186" CONTENT="nuellement" SUBS_TYPE="HypPart2" SUBS_CONTENT="continuellement" ID="tl_44_1" STYLEREFS="FONT0"/>
            <SP HEIGHT="51" WIDTH="21" VPOS="2185" HPOS="474"/>
            <String HEIGHT="51" WIDTH="144" VPOS="2185" HPOS="412" CONTENT="les" ID="tl_44_2" STYLEREFS="FONT0"/>
            <SP HEIGHT="51" WIDTH="21" VPOS="2185" HPOS="556"/>
            <String HEIGHT="51" WIDTH="185" VPOS="2185" HPOS="494" CONTENT="têtes" ID="tl_44_3" STYLEREFS="FONT0"/>
            <SP HEIGHT="51" WIDTH="21" VPOS="2185" HPOS="679"/>
            <String HEIGHT="51" WIDTH="144" VPOS="2185" HPOS="617" CONTENT="des" ID="tl_44_4" STYLEREFS="FONT0"/>
            <SP HEIGHT="51" WIDTH="21" VPOS="2185" HPOS="761"/>
            <String HEIGHT="51" WIDTH="246" VPOS="2185" HPOS="699" CONTENT="soldats," ID="tl_44_5" STYLEREFS="FONT0"/>
            <SP HEIGHT="51" WIDTH="21" VPOS="2185" HPOS="945"/>
            <String HEIGHT="51" WIDTH="144" VPOS="2185" HPOS="884" CONTENT="par" ID="tl_44_6" STYLEREFS="FONT0"/>
            <SP HEIGHT="51" WIDTH="21" VPOS="2185" HPOS="1027"/>
            <String HEIGHT="51" WIDTH="144" VPOS="2185" HPOS="966" CONTENT="des" ID="tl_44_7" STYLEREFS="FONT0"/>
            <SP HEIGHT="51" WIDTH="21" VPOS="2185" HPOS="1109"/>
            <String HEIGHT="51" WIDTH="185" VPOS="2185" HPOS="1048" CONTENT="idées" ID="tl_44_8" STYLEREFS="FONT0"/>
            <SP HEIGHT="51" WIDTH="21" VPOS="2185" HPOS="1232"/>
            <String HEIGHT="51" WIDTH="431" VPOS="2185" HPOS="1150" CONTENT="révolutionnaires..." ID="tl_44_9" STYLEREFS="FONT0"/>
          </TextLine>
        </TextBlock>
        <TextBlock ID="r_1_21" HEIGHT="56" WIDTH="1410" VPOS="2237" HPOS="166">
          <TextLine ID="tl_45" BASELINE="2315" HEIGHT="86" WIDTH="1425" VPOS="2229" HPOS="158">
            <String HEIGHT="86" WIDTH="183" VPOS="2229" HPOS="138" CONTENT="2511." ID="tl_45_1" STYLEREFS="FONT0"/>
            <SP HEIGHT="86" WIDTH="20" VPOS="2229" HPOS="321"/>
            <String HEIGHT="86" WIDTH="407" VPOS="2229" HPOS="260" CONTENT="Daubenton" ID="tl_45_2" STYLEREFS="FONT1"/>
            <SP HEIGHT="86" WIDTH="20" VPOS="2229" HPOS="667"/>
            <String HEIGHT="86" WIDTH="326" VPOS="2229" HPOS="606" CONTENT="(Guillaume)," ID="tl_45_3" STYLEREFS="FONT0"/>
            <SP HEIGHT="86" WIDTH="20" VPOS="2229" HPOS="932"/>
            <String HEIGHT="86" WIDTH="244" VPOS="2229" HPOS="871" CONTENT="jésuite," ID="tl_45_4" STYLEREFS="FONT0"/>
            <SP HEIGHT="86" WIDTH="20" VPOS="2229" HPOS="1115"/>
            <String HEIGHT="86" WIDTH="285" VPOS="2229" HPOS="1054" CONTENT="confesseur" ID="tl_45_5" STYLEREFS="FONT0"/>
            <SP HEIGHT="86" WIDTH="20" VPOS="2229" HPOS="1339"/>
            <String HEIGHT="86" WIDTH="122" VPOS="2229" HPOS="1278" CONTENT="de" ID="tl_45_6" STYLEREFS="FONT0"/>
            <SP HEIGHT="86" WIDTH="20" VPOS="2229" HPOS="1400"/>
            <String HEIGHT="86" WIDTH="244" VPOS="2229" HPOS="1339" CONTENT="Philippe" ID="tl_45_7" STYLEREFS="FONT0"/>
            <SP HEIGHT="86" WIDTH="20" VPOS="2229" HPOS="1583"/>
            <String HEIGHT="86" WIDTH="81" VPOS="2229" HPOS="1502" CONTENT="V." ID="tl_45_8" STYLEREFS="FONT0"/>
          </TextLine>
        </TextBlock>
        <TextBlock ID="r_1_22" HEIGHT="105" WIDTH="1363" VPOS="2285" HPOS="217">
          <TextLine ID="tl_46" BASELINE="2338" HEIGHT="60" WIDTH="1371" VPOS="2278" HPOS="210">
            <String HEIGHT="60" WIDTH="145" VPOS="2278" HPOS="189" CONTENT="roi" ID="tl_46_1" STYLEREFS="FONT0"/>
            <SP HEIGHT="60" WIDTH="21" VPOS="2278" HPOS="335"/>
            <String HEIGHT="60" WIDTH="291" VPOS="2278" HPOS="272" CONTENT="d’Espagne." ID="tl_46_2" STYLEREFS="FONT0"/>
            <SP HEIGHT="60" WIDTH="21" VPOS="2278" HPOS="563"/>
            <String HEIGHT="60" WIDTH="125" VPOS="2278" HPOS="501" CONTENT="L." ID="tl_46_3" STYLEREFS="FONT0"/>
            <SP HEIGHT="60" WIDTH="21" VPOS="2278" HPOS="625"/>
            <String HEIGHT="60" WIDTH="166" VPOS="2278" HPOS="563" CONTENT="aut." ID="tl_46_4" STYLEREFS="FONT0"/>
            <SP HEIGHT="60" WIDTH="21" VPOS="2278" HPOS="729"/>
            <String HEIGHT="60" WIDTH="187" VPOS="2278" HPOS="667" CONTENT="sig.," ID="tl_46_5" STYLEREFS="FONT0"/>
            <SP HEIGHT="60" WIDTH="21" VPOS="2278" HPOS="854"/>
            <String HEIGHT="60" WIDTH="104" VPOS="2278" HPOS="792" CONTENT="à" ID="tl_46_6" STYLEREFS="FONT0"/>
            <SP HEIGHT="60" WIDTH="21" VPOS="2278" HPOS="896"/>
            <String HEIGHT="60" WIDTH="208" VPOS="2278" HPOS="833" CONTENT="Mgr..." ID="tl_46_7" STYLEREFS="FONT0"/>
            <SP HEIGHT="60" WIDTH="21" VPOS="2278" HPOS="1041"/>
            <String HEIGHT="60" WIDTH="270" VPOS="2278" HPOS="979" CONTENT="Aranjuez," ID="tl_46_8" STYLEREFS="FONT0"/>
            <SP HEIGHT="60" WIDTH="21" VPOS="2278" HPOS="1249"/>
            <String HEIGHT="60" WIDTH="125" VPOS="2278" HPOS="1186" CONTENT="24" ID="tl_46_9" STYLEREFS="FONT0"/>
            <SP HEIGHT="60" WIDTH="21" VPOS="2278" HPOS="1311"/>
            <String HEIGHT="60" WIDTH="166" VPOS="2278" HPOS="1249" CONTENT="juin" ID="tl_46_10" STYLEREFS="FONT0"/>
            <SP HEIGHT="60" WIDTH="21" VPOS="2278" HPOS="1415"/>
            <String HEIGHT="60" WIDTH="187" VPOS="2278" HPOS="1353" CONTENT="1715." ID="tl_46_11" STYLEREFS="FONT0"/>
            <SP HEIGHT="60" WIDTH="21" VPOS="2278" HPOS="1539"/>
            <String HEIGHT="60" WIDTH="104" VPOS="2278" HPOS="1477" CONTENT="4" ID="tl_46_12" STYLEREFS="FONT0"/>
            <SP HEIGHT="60" WIDTH="21" VPOS="2278" HPOS="1581"/>
            <String HEIGHT="60" WIDTH="83" VPOS="2278" HPOS="1498" CONTENT="p." ID="tl_46_13" STYLEREFS="FONT0"/>
          </TextLine>
          <TextLine ID="tl_47" BASELINE="2417" HEIGHT="96" WIDTH="1378" VPOS="2321" HPOS="210">
            <String HEIGHT="96" WIDTH="386" VPOS="2321" HPOS="155" CONTENT="pl." ID="tl_47_1" STYLEREFS="FONT0"/>
            <SP HEIGHT="96" WIDTH="55" VPOS="2321" HPOS="541"/>
            <String HEIGHT="96" WIDTH="441" VPOS="2321" HPOS="375" CONTENT="in-4" ID="tl_47_2" STYLEREFS="FONT0"/>
            <SP HEIGHT="96" WIDTH="55" VPOS="2321" HPOS="816"/>
            <String HEIGHT="96" WIDTH="827" VPOS="2321" HPOS="651" CONTENT="(remontée)." ID="tl_47_3" STYLEREFS="FONT0"/>
            <SP HEIGHT="96" WIDTH="55" VPOS="2321" HPOS="1478"/>
            <String HEIGHT="96" WIDTH="276" VPOS="2321" HPOS="1312" CONTENT="7" ID="tl_47_4" STYLEREFS="FONT0"/>
            <SP HEIGHT="96" WIDTH="55" VPOS="2321" HPOS="1588"/>
            <String HEIGHT="96" WIDTH="220" VPOS="2321" HPOS="1368" CONTENT="50" ID="tl_47_5" STYLEREFS="FONT0"/>
          </TextLine>
        </TextBlock>
        <TextBlock ID="r_1_23" HEIGHT="58" WIDTH="1309" VPOS="2381" HPOS="266">
          <TextLine ID="tl_48" BASELINE="2438" HEIGHT="53" WIDTH="1325" VPOS="2385" HPOS="257">
            <String HEIGHT="53" WIDTH="204" VPOS="2385" HPOS="237" CONTENT="Lettre" ID="tl_48_1" STYLEREFS="FONT0"/>
            <SP HEIGHT="53" WIDTH="20" VPOS="2385" HPOS="440"/>
            <String HEIGHT="53" WIDTH="326" VPOS="2385" HPOS="379" CONTENT="intéressante" ID="tl_48_2" STYLEREFS="FONT0"/>
            <SP HEIGHT="53" WIDTH="20" VPOS="2385" HPOS="705"/>
            <String HEIGHT="53" WIDTH="122" VPOS="2385" HPOS="644" CONTENT="au" ID="tl_48_3" STYLEREFS="FONT0"/>
            <SP HEIGHT="53" WIDTH="20" VPOS="2385" HPOS="767"/>
            <String HEIGHT="53" WIDTH="183" VPOS="2385" HPOS="705" CONTENT="sujet" ID="tl_48_4" STYLEREFS="FONT0"/>
            <SP HEIGHT="53" WIDTH="20" VPOS="2385" HPOS="889"/>
            <String HEIGHT="53" WIDTH="122" VPOS="2385" HPOS="828" CONTENT="de" ID="tl_48_5" STYLEREFS="FONT0"/>
            <SP HEIGHT="53" WIDTH="20" VPOS="2385" HPOS="950"/>
            <String HEIGHT="53" WIDTH="122" VPOS="2385" HPOS="889" CONTENT="sa" ID="tl_48_6" STYLEREFS="FONT0"/>
            <SP HEIGHT="53" WIDTH="20" VPOS="2385" HPOS="1011"/>
            <String HEIGHT="53" WIDTH="265" VPOS="2385" HPOS="950" CONTENT="situation" ID="tl_48_7" STYLEREFS="FONT0"/>
            <SP HEIGHT="53" WIDTH="20" VPOS="2385" HPOS="1215"/>
            <String HEIGHT="53" WIDTH="102" VPOS="2385" HPOS="1154" CONTENT="à" ID="tl_48_8" STYLEREFS="FONT0"/>
            <SP HEIGHT="53" WIDTH="20" VPOS="2385" HPOS="1256"/>
            <String HEIGHT="53" WIDTH="122" VPOS="2385" HPOS="1195" CONTENT="la" ID="tl_48_9" STYLEREFS="FONT0"/>
            <SP HEIGHT="53" WIDTH="20" VPOS="2385" HPOS="1317"/>
            <String HEIGHT="53" WIDTH="163" VPOS="2385" HPOS="1256" CONTENT="cour" ID="tl_48_10" STYLEREFS="FONT0"/>
            <SP HEIGHT="53" WIDTH="20" VPOS="2385" HPOS="1419"/>
            <String HEIGHT="53" WIDTH="245" VPOS="2385" HPOS="1337" CONTENT="d’Espagne." ID="tl_48_11" STYLEREFS="FONT0"/>
          </TextLine>
        </TextBlock>
        <TextBlock ID="r_1_24" HEIGHT="57" WIDTH="1410" VPOS="2429" HPOS="171">
          <TextLine ID="tl_49" BASELINE="2498" HEIGHT="79" WIDTH="1426" VPOS="2419" HPOS="162">
            <String HEIGHT="79" WIDTH="169" VPOS="2419" HPOS="143" CONTENT="2512." ID="tl_49_1" STYLEREFS="FONT0"/>
            <SP HEIGHT="79" WIDTH="19" VPOS="2419" HPOS="312"/>
            <String HEIGHT="79" WIDTH="394" VPOS="2419" HPOS="256" CONTENT="Desmoulins" ID="tl_49_2" STYLEREFS="FONT1"/>
            <SP HEIGHT="79" WIDTH="19" VPOS="2419" HPOS="650"/>
            <String HEIGHT="79" WIDTH="225" VPOS="2419" HPOS="594" CONTENT="(mariage" ID="tl_49_3" STYLEREFS="FONT0"/>
            <SP HEIGHT="79" WIDTH="19" VPOS="2419" HPOS="819"/>
            <String HEIGHT="79" WIDTH="113" VPOS="2419" HPOS="762" CONTENT="de" ID="tl_49_4" STYLEREFS="FONT0"/>
            <SP HEIGHT="79" WIDTH="19" VPOS="2419" HPOS="875"/>
            <String HEIGHT="79" WIDTH="244" VPOS="2419" HPOS="819" CONTENT="Camille)." ID="tl_49_5" STYLEREFS="FONT0"/>
            <SP HEIGHT="79" WIDTH="19" VPOS="2419" HPOS="1063"/>
            <String HEIGHT="79" WIDTH="281" VPOS="2419" HPOS="1006" CONTENT="Discours" ID="tl_49_6" STYLEREFS="FONT2"/>
            <SP HEIGHT="79" WIDTH="19" VPOS="2419" HPOS="1288"/>
            <String HEIGHT="79" WIDTH="225" VPOS="2419" HPOS="1232" CONTENT="prononcé" ID="tl_49_7" STYLEREFS="FONT2"/>
            <SP HEIGHT="79" WIDTH="19" VPOS="2419" HPOS="1457"/>
            <String HEIGHT="79" WIDTH="206" VPOS="2419" HPOS="1382" CONTENT="auma" ID="tl_49_8" STYLEREFS="FONT2"/>
          </TextLine>
        </TextBlock>
        <TextBlock ID="r_1_25" HEIGHT="345" WIDTH="1363" VPOS="2476" HPOS="220">
          <TextLine ID="tl_50" BASELINE="2536" HEIGHT="62" WIDTH="1374" VPOS="2474" HPOS="213">
            <String HEIGHT="62" WIDTH="209" VPOS="2474" HPOS="196" CONTENT="riage" ID="tl_50_1" STYLEREFS="FONT2"/>
            <SP HEIGHT="62" WIDTH="17" VPOS="2474" HPOS="404"/>
            <String HEIGHT="62" WIDTH="104" VPOS="2474" HPOS="352" CONTENT="de" ID="tl_50_2" STYLEREFS="FONT2"/>
            <SP HEIGHT="62" WIDTH="17" VPOS="2474" HPOS="456"/>
            <String HEIGHT="62" WIDTH="209" VPOS="2474" HPOS="404" CONTENT="monsieur" ID="tl_50_3" STYLEREFS="FONT2"/>
            <SP HEIGHT="62" WIDTH="17" VPOS="2474" HPOS="613"/>
            <String HEIGHT="62" WIDTH="243" VPOS="2474" HPOS="561" CONTENT="Desmoulins" ID="tl_50_4" STYLEREFS="FONT2"/>
            <SP HEIGHT="62" WIDTH="17" VPOS="2474" HPOS="804"/>
            <String HEIGHT="62" WIDTH="104" VPOS="2474" HPOS="752" CONTENT="et" ID="tl_50_5" STYLEREFS="FONT2"/>
            <SP HEIGHT="62" WIDTH="17" VPOS="2474" HPOS="857"/>
            <String HEIGHT="62" WIDTH="104" VPOS="2474" HPOS="804" CONTENT="de" ID="tl_50_6" STYLEREFS="FONT2"/>
            <SP HEIGHT="62" WIDTH="17" VPOS="2474" HPOS="909"/>
            <String HEIGHT="62" WIDTH="278" VPOS="2474" HPOS="857" CONTENT="mademoiselle" ID="tl_50_7" STYLEREFS="FONT2"/>
            <SP HEIGHT="62" WIDTH="17" VPOS="2474" HPOS="1135"/>
            <String HEIGHT="62" WIDTH="313" VPOS="2474" HPOS="1083" CONTENT="Duplessis" ID="tl_50_8" STYLEREFS="FONT2"/>
            <SP HEIGHT="62" WIDTH="17" VPOS="2474" HPOS="1396"/>
            <String HEIGHT="62" WIDTH="104" VPOS="2474" HPOS="1344" CONTENT="29" ID="tl_50_9" STYLEREFS="FONT0"/>
            <SP HEIGHT="62" WIDTH="17" VPOS="2474" HPOS="1448"/>
            <String HEIGHT="62" WIDTH="209" VPOS="2474" HPOS="1378" CONTENT="dé" ID="tl_50_10" STYLEREFS="FONT2"/>
          </TextLine>
          <TextLine ID="tl_51" BASELINE="2580" HEIGHT="64" WIDTH="1374" VPOS="2516" HPOS="215">
            <String HEIGHT="64" WIDTH="314" VPOS="2516" HPOS="195" CONTENT="cembre" ID="tl_51_1" STYLEREFS="FONT2"/>
            <SP HEIGHT="64" WIDTH="20" VPOS="2516" HPOS="509"/>
            <String HEIGHT="64" WIDTH="177" VPOS="2516" HPOS="451" CONTENT="1790," ID="tl_51_2" STYLEREFS="FONT0"/>
            <SP HEIGHT="64" WIDTH="20" VPOS="2516" HPOS="627"/>
            <String HEIGHT="64" WIDTH="196" VPOS="2516" HPOS="568" CONTENT="Minute" ID="tl_51_3" STYLEREFS="FONT0"/>
            <SP HEIGHT="64" WIDTH="20" VPOS="2516" HPOS="765"/>
            <String HEIGHT="64" WIDTH="157" VPOS="2516" HPOS="706" CONTENT="aut." ID="tl_51_4" STYLEREFS="FONT0"/>
            <SP HEIGHT="64" WIDTH="20" VPOS="2516" HPOS="863"/>
            <String HEIGHT="64" WIDTH="118" VPOS="2516" HPOS="804" CONTENT="de" ID="tl_51_5" STYLEREFS="FONT0"/>
            <SP HEIGHT="64" WIDTH="20" VPOS="2516" HPOS="922"/>
            <String HEIGHT="64" WIDTH="196" VPOS="2516" HPOS="863" CONTENT="l’abbé" ID="tl_51_6" STYLEREFS="FONT0"/>
            <SP HEIGHT="64" WIDTH="20" VPOS="2516" HPOS="1059"/>
            <String HEIGHT="64" WIDTH="275" VPOS="2516" HPOS="1000" CONTENT="Bérardier," ID="tl_51_7" STYLEREFS="FONT0"/>
            <SP HEIGHT="64" WIDTH="20" VPOS="2516" HPOS="1275"/>
            <String HEIGHT="64" WIDTH="196" VPOS="2516" HPOS="1216" CONTENT="membre" ID="tl_51_8" STYLEREFS="FONT0"/>
            <SP HEIGHT="64" WIDTH="20" VPOS="2516" HPOS="1412"/>
            <String HEIGHT="64" WIDTH="118" VPOS="2516" HPOS="1353" CONTENT="de" ID="tl_51_9" STYLEREFS="FONT0"/>
            <SP HEIGHT="64" WIDTH="20" VPOS="2516" HPOS="1471"/>
            <String HEIGHT="64" WIDTH="196" VPOS="2516" HPOS="1393" CONTENT="l’Assem" SUBS_TYPE="HypPart1" SUBS_CONTENT="l’Assemblée" ID="tl_51_10" STYLEREFS="FONT0"/>
            <HYP CONTENT="-"/>
          </TextLine>
          <TextLine ID="tl_52" BASELINE="2622" HEIGHT="53" WIDTH="1376" VPOS="2569" HPOS="213">
            <String HEIGHT="53" WIDTH="164" VPOS="2569" HPOS="192" CONTENT="blée" SUBS_TYPE="HypPart2" SUBS_CONTENT="l’Assemblée" ID="tl_52_1" STYLEREFS="FONT0"/>
            <SP HEIGHT="53" WIDTH="21" VPOS="2569" HPOS="357"/>
            <String HEIGHT="53" WIDTH="288" VPOS="2569" HPOS="295" CONTENT="nationale," ID="tl_52_2" STYLEREFS="FONT0"/>
            <SP HEIGHT="53" WIDTH="21" VPOS="2569" HPOS="583"/>
            <String HEIGHT="53" WIDTH="144" VPOS="2569" HPOS="521" CONTENT="qui" ID="tl_52_3" STYLEREFS="FONT0"/>
            <SP HEIGHT="53" WIDTH="21" VPOS="2569" HPOS="665"/>
            <String HEIGHT="53" WIDTH="103" VPOS="2569" HPOS="603" CONTENT="a" ID="tl_52_4" STYLEREFS="FONT0"/>
            <SP HEIGHT="53" WIDTH="21" VPOS="2569" HPOS="706"/>
            <String HEIGHT="53" WIDTH="164" VPOS="2569" HPOS="644" CONTENT="béni" ID="tl_52_5" STYLEREFS="FONT0"/>
            <SP HEIGHT="53" WIDTH="21" VPOS="2569" HPOS="809"/>
            <String HEIGHT="53" WIDTH="123" VPOS="2569" HPOS="747" CONTENT="ce" ID="tl_52_6" STYLEREFS="FONT0"/>
            <SP HEIGHT="53" WIDTH="21" VPOS="2569" HPOS="870"/>
            <String HEIGHT="53" WIDTH="226" VPOS="2569" HPOS="809" CONTENT="mariage" ID="tl_52_7" STYLEREFS="FONT0"/>
            <SP HEIGHT="53" WIDTH="21" VPOS="2569" HPOS="1034"/>
            <String HEIGHT="53" WIDTH="144" VPOS="2569" HPOS="973" CONTENT="qui" ID="tl_52_8" STYLEREFS="FONT0"/>
            <SP HEIGHT="53" WIDTH="21" VPOS="2569" HPOS="1117"/>
            <String HEIGHT="53" WIDTH="103" VPOS="2569" HPOS="1055" CONTENT="a" ID="tl_52_9" STYLEREFS="FONT0"/>
            <SP HEIGHT="53" WIDTH="21" VPOS="2569" HPOS="1158"/>
            <String HEIGHT="53" WIDTH="123" VPOS="2569" HPOS="1096" CONTENT="eu" ID="tl_52_10" STYLEREFS="FONT0"/>
            <SP HEIGHT="53" WIDTH="21" VPOS="2569" HPOS="1219"/>
            <String HEIGHT="53" WIDTH="164" VPOS="2569" HPOS="1158" CONTENT="pour" ID="tl_52_11" STYLEREFS="FONT0"/>
            <SP HEIGHT="53" WIDTH="21" VPOS="2569" HPOS="1322"/>
            <String HEIGHT="53" WIDTH="246" VPOS="2569" HPOS="1260" CONTENT="témoins," ID="tl_52_12" STYLEREFS="FONT0"/>
            <SP HEIGHT="53" WIDTH="21" VPOS="2569" HPOS="1507"/>
            <String HEIGHT="53" WIDTH="103" VPOS="2569" HPOS="1445" CONTENT="à" ID="tl_52_13" STYLEREFS="FONT0"/>
            <SP HEIGHT="53" WIDTH="21" VPOS="2569" HPOS="1548"/>
            <String HEIGHT="53" WIDTH="123" VPOS="2569" HPOS="1466" CONTENT="l’é" SUBS_TYPE="HypPart1" SUBS_CONTENT="l’église" ID="tl_52_14" STYLEREFS="FONT0"/>
            <HYP CONTENT="-"/>
          </TextLine>
          <TextLine ID="tl_53" BASELINE="2680" HEIGHT="58" WIDTH="1369" VPOS="2622" HPOS="217">
            <String HEIGHT="58" WIDTH="176" VPOS="2622" HPOS="197" CONTENT="glise" SUBS_TYPE="HypPart2" SUBS_CONTENT="l’église" ID="tl_53_1" STYLEREFS="FONT0"/>
            <SP HEIGHT="58" WIDTH="20" VPOS="2622" HPOS="373"/>
            <String HEIGHT="58" WIDTH="352" VPOS="2622" HPOS="315" CONTENT="Saint-Sulpice," ID="tl_53_2" STYLEREFS="FONT0"/>
            <SP HEIGHT="58" WIDTH="20" VPOS="2622" HPOS="667"/>
            <String HEIGHT="58" WIDTH="215" VPOS="2622" HPOS="608" CONTENT="Pétion," ID="tl_53_3" STYLEREFS="FONT0"/>
            <SP HEIGHT="58" WIDTH="20" VPOS="2622" HPOS="823"/>
            <String HEIGHT="58" WIDTH="313" VPOS="2622" HPOS="765" CONTENT="Robespierre," ID="tl_53_4" STYLEREFS="FONT0"/>
            <SP HEIGHT="58" WIDTH="20" VPOS="2622" HPOS="1078"/>
            <String HEIGHT="58" WIDTH="235" VPOS="2622" HPOS="1019" CONTENT="Brissot," ID="tl_53_5" STYLEREFS="FONT0"/>
            <SP HEIGHT="58" WIDTH="20" VPOS="2622" HPOS="1254"/>
            <String HEIGHT="58" WIDTH="215" VPOS="2622" HPOS="1195" CONTENT="Mercier" ID="tl_53_6" STYLEREFS="FONT0"/>
            <SP HEIGHT="58" WIDTH="20" VPOS="2622" HPOS="1410"/>
            <String HEIGHT="58" WIDTH="117" VPOS="2622" HPOS="1351" CONTENT="et" ID="tl_53_7" STYLEREFS="FONT0"/>
            <SP HEIGHT="58" WIDTH="20" VPOS="2622" HPOS="1469"/>
            <String HEIGHT="58" WIDTH="196" VPOS="2622" HPOS="1390" CONTENT="Sillery." ID="tl_53_8" STYLEREFS="FONT0"/>
          </TextLine>
          <TextLine ID="tl_54" BASELINE="2716" HEIGHT="55" WIDTH="1377" VPOS="2661" HPOS="214">
            <String HEIGHT="55" WIDTH="113" VPOS="2661" HPOS="191" CONTENT="4" ID="tl_54_1" STYLEREFS="FONT0"/>
            <SP HEIGHT="55" WIDTH="23" VPOS="2661" HPOS="304"/>
            <String HEIGHT="55" WIDTH="135" VPOS="2661" HPOS="237" CONTENT="p." ID="tl_54_2" STYLEREFS="FONT0"/>
            <SP HEIGHT="55" WIDTH="23" VPOS="2661" HPOS="372"/>
            <String HEIGHT="55" WIDTH="158" VPOS="2661" HPOS="304" CONTENT="pl." ID="tl_54_3" STYLEREFS="FONT0"/>
            <SP HEIGHT="55" WIDTH="23" VPOS="2661" HPOS="462"/>
            <String HEIGHT="55" WIDTH="203" VPOS="2661" HPOS="395" CONTENT="in-4." ID="tl_54_4" STYLEREFS="FONT0"/>
            <SP HEIGHT="55" WIDTH="23" VPOS="2661" HPOS="598"/>
            <String HEIGHT="55" WIDTH="113" VPOS="2661" HPOS="530" CONTENT="—" ID="tl_54_5" STYLEREFS="FONT0"/>
            <SP HEIGHT="55" WIDTH="23" VPOS="2661" HPOS="643"/>
            <String HEIGHT="55" WIDTH="181" VPOS="2661" HPOS="575" CONTENT="Nous" ID="tl_54_6" STYLEREFS="FONT0"/>
            <SP HEIGHT="55" WIDTH="23" VPOS="2661" HPOS="756"/>
            <String HEIGHT="55" WIDTH="271" VPOS="2661" HPOS="688" CONTENT="ajoutons" ID="tl_54_7" STYLEREFS="FONT0"/>
            <SP HEIGHT="55" WIDTH="23" VPOS="2661" HPOS="959"/>
            <String HEIGHT="55" WIDTH="113" VPOS="2661" HPOS="891" CONTENT="à" ID="tl_54_8" STYLEREFS="FONT0"/>
            <SP HEIGHT="55" WIDTH="23" VPOS="2661" HPOS="1004"/>
            <String HEIGHT="55" WIDTH="203" VPOS="2661" HPOS="936" CONTENT="cette" ID="tl_54_9" STYLEREFS="FONT0"/>
            <SP HEIGHT="55" WIDTH="23" VPOS="2661" HPOS="1140"/>
            <String HEIGHT="55" WIDTH="203" VPOS="2661" HPOS="1072" CONTENT="pièce" ID="tl_54_10" STYLEREFS="FONT0"/>
            <SP HEIGHT="55" WIDTH="23" VPOS="2661" HPOS="1275"/>
            <String HEIGHT="55" WIDTH="361" VPOS="2661" HPOS="1207" CONTENT="intéressante" ID="tl_54_11" STYLEREFS="FONT0"/>
            <SP HEIGHT="55" WIDTH="23" VPOS="2661" HPOS="1568"/>
            <String HEIGHT="55" WIDTH="113" VPOS="2661" HPOS="1478" CONTENT="une" ID="tl_54_12" STYLEREFS="FONT0"/>
          </TextLine>
          <TextLine ID="tl_55" BASELINE="2777" HEIGHT="60" WIDTH="1373" VPOS="2717" HPOS="216">
            <String HEIGHT="60" WIDTH="202" VPOS="2717" HPOS="196" CONTENT="lettre" ID="tl_55_1" STYLEREFS="FONT0"/>
            <SP HEIGHT="60" WIDTH="20" VPOS="2717" HPOS="398"/>
            <String HEIGHT="60" WIDTH="162" VPOS="2717" HPOS="337" CONTENT="aut." ID="tl_55_2" STYLEREFS="FONT0"/>
            <SP HEIGHT="60" WIDTH="20" VPOS="2717" HPOS="499"/>
            <String HEIGHT="60" WIDTH="162" VPOS="2717" HPOS="438" CONTENT="sig." ID="tl_55_3" STYLEREFS="FONT0"/>
            <SP HEIGHT="60" WIDTH="20" VPOS="2717" HPOS="600"/>
            <String HEIGHT="60" WIDTH="121" VPOS="2717" HPOS="539" CONTENT="de" ID="tl_55_4" STYLEREFS="FONT0"/>
            <SP HEIGHT="60" WIDTH="20" VPOS="2717" HPOS="660"/>
            <String HEIGHT="60" WIDTH="202" VPOS="2717" HPOS="600" CONTENT="l’abbé" ID="tl_55_5" STYLEREFS="FONT0"/>
            <SP HEIGHT="60" WIDTH="20" VPOS="2717" HPOS="802"/>
            <String HEIGHT="60" WIDTH="283" VPOS="2717" HPOS="741" CONTENT="Bérardier," ID="tl_55_6" STYLEREFS="FONT0"/>
            <SP HEIGHT="60" WIDTH="20" VPOS="2717" HPOS="1024"/>
            <String HEIGHT="60" WIDTH="182" VPOS="2717" HPOS="963" CONTENT="datée" ID="tl_55_7" STYLEREFS="FONT0"/>
            <SP HEIGHT="60" WIDTH="20" VPOS="2717" HPOS="1145"/>
            <String HEIGHT="60" WIDTH="121" VPOS="2717" HPOS="1084" CONTENT="de" ID="tl_55_8" STYLEREFS="FONT0"/>
            <SP HEIGHT="60" WIDTH="20" VPOS="2717" HPOS="1205"/>
            <String HEIGHT="60" WIDTH="202" VPOS="2717" HPOS="1145" CONTENT="Paris," ID="tl_55_9" STYLEREFS="FONT0"/>
            <SP HEIGHT="60" WIDTH="20" VPOS="2717" HPOS="1347"/>
            <String HEIGHT="60" WIDTH="121" VPOS="2717" HPOS="1286" CONTENT="le" ID="tl_55_10" STYLEREFS="FONT0"/>
            <SP HEIGHT="60" WIDTH="20" VPOS="2717" HPOS="1407"/>
            <String HEIGHT="60" WIDTH="101" VPOS="2717" HPOS="1347" CONTENT="2" ID="tl_55_11" STYLEREFS="FONT0"/>
            <SP HEIGHT="60" WIDTH="20" VPOS="2717" HPOS="1448"/>
            <String HEIGHT="60" WIDTH="222" VPOS="2717" HPOS="1367" CONTENT="septembre" ID="tl_55_12" STYLEREFS="FONT0"/>
          </TextLine>
          <TextLine ID="tl_56" BASELINE="2832" HEIGHT="69" WIDTH="1373" VPOS="2763" HPOS="216">
            <String HEIGHT="69" WIDTH="494" VPOS="2763" HPOS="161" CONTENT="1793." ID="tl_56_1" STYLEREFS="FONT0"/>
            <SP HEIGHT="69" WIDTH="55" VPOS="2763" HPOS="655"/>
            <String HEIGHT="69" WIDTH="275" VPOS="2763" HPOS="491" CONTENT="1" ID="tl_56_2" STYLEREFS="FONT0"/>
            <SP HEIGHT="69" WIDTH="55" VPOS="2763" HPOS="765"/>
            <String HEIGHT="69" WIDTH="330" VPOS="2763" HPOS="600" CONTENT="p." ID="tl_56_3" STYLEREFS="FONT0"/>
            <SP HEIGHT="69" WIDTH="55" VPOS="2763" HPOS="930"/>
            <String HEIGHT="69" WIDTH="384" VPOS="2763" HPOS="765" CONTENT="pl." ID="tl_56_4" STYLEREFS="FONT0"/>
            <SP HEIGHT="69" WIDTH="55" VPOS="2763" HPOS="1150"/>
            <String HEIGHT="69" WIDTH="494" VPOS="2763" HPOS="985" CONTENT="in-4." ID="tl_56_5" STYLEREFS="FONT0"/>
            <SP HEIGHT="69" WIDTH="55" VPOS="2763" HPOS="1479"/>
            <String HEIGHT="69" WIDTH="330" VPOS="2763" HPOS="1314" CONTENT="50" ID="tl_56_6" STYLEREFS="FONT0"/>
            <SP HEIGHT="69" WIDTH="55" VPOS="2763" HPOS="1644"/>
            <String HEIGHT="69" WIDTH="165" VPOS="2763" HPOS="1424" CONTENT="»" ID="tl_56_7" STYLEREFS="FONT0"/>
          </TextLine>
        </TextBlock>
      </PrintSpace>
    </Page>
  </Layout>
</alto>
