1635 2957
610 53 186 103 —
684 53 261 103 203
796 53 112 103 —

41 141 188 85 2614.
166 141 397 85 Voltaire
500 141 125 85 L.
563 141 188 85 sig.,
688 141 209 85 écrite
834 141 146 85 par
918 141 292 85 Vagnières,
1147 141 104 85 à
1189 141 209 85 l’abbé
1314 141 188 85 Arnaud.

88 207 150 66 Aux
173 207 258 66 Délices,
367 207 107 66 8
410 207 172 66 fév.
517 207 193 66 1764.
646 207 107 66 1
689 207 129 66 p.
754 207 150 66 pl.
840 207 129 66 et
904 207 193 66 demie
1033 207 172 66 in-4
1141 207 322 66 (remontée).
1399 207 107 66 7
1420 207 86 66 50

42 257 183 69 2615.
163 257 386 69 Voltaire
488 257 122 69 L.
549 257 183 69 aut.,
671 257 122 69 au
732 257 264 69 président
935 257 244 69 Hénault.
1117 257 284 69 Bruxelles,
1341 257 122 69 15
1381 257 122 69 mars

44 313 597 64 1744.
442 313 332 64 3
574 313 398 64 p.
773 313 597 64 in-4.
1171 313 398 64 40
1304 313 199 64 »

136 341 132 82 Le
202 341 220 82 procès
356 341 132 82 de
422 341 220 82 madame
575 341 132 82 Du
641 341 308 82 Chastellet
883 341 154 82 les
971 341 110 82 a
1015 341 264 82 rappelez
1212 341 110 82 à
1234 341 264 82 Bruxelles.

91 402 116 69 Il
149 402 232 69 voudrait
323 402 155 69 bien
420 402 174 69 qu’il
536 402 193 69 jugeât
671 402 116 69 en
729 402 213 69 dernier
884 402 213 69 ressort
1039 402 174 69 celui
1155 402 116 69 de
1193 402 310 69 Mahomet

93 454 211 69 auquel
240 454 126 69 il
304 454 105 69 a
346 454 126 69 eu
409 454 126 69 la
472 454 190 69 bonté
599 454 126 69 de
662 454 358 69 s’intéresser.
957 454 126 69 Il
1020 454 105 69 y
1062 454 190 69 avait
1168 454 337 69 très

94 501 172 70 qu’il
208 501 172 70 avait
323 501 229 70 commencé
495 501 134 70 cet
571 501 229 70 ouvrage,
743 501 172 70 aussi
857 501 153 70 bien
953 501 134 70 que
1029 501 114 70 la
1086 501 343 70 Mérore
1372 501 114 70 il
1411 501 95 70 les

95 543 187 72 avait
220 543 166 72 tous
323 543 166 72 deux
427 543 311 72 abandonnés,
676 543 166 72 soit
780 543 104 72 à
821 543 187 72 cause
946 543 124 72 de
1008 543 124 72 la
1070 543 290 72 difficulté
1299 543 124 72 du
1340 543 166 72 sujet,

96 590 166 63 soit
200 590 145 63 que
283 590 249 63 d’autres
469 590 207 63 études
615 590 435 63 l'intéressassent,
988 590 124 63 et
1050 590 187 63 qu’il
1174 590 145 63 fut
1257 590 124 63 un
1319 590 145 63 peu
1382 590 124 63 hon-

94 634 180 78 teux
206 634 135 78 de
273 634 202 78 faire
408 634 269 78 toujours
610 634 157 78 des
700 634 180 78 vers
812 634 202 78 entre
947 634 225 78 Newton
1104 634 135 78 et
1171 634 292 78 Leibnitz.
1373 634 135 78 Mais

98 695 205 54 depuis
241 695 143 54 que
323 695 123 54 le
384 695 143 54 roi
466 695 123 54 en
527 695 164 54 fait
629 695 184 54 après
752 695 143 54 une
834 695 266 54 victoire,
1039 695 123 54 il
1100 695 123 54 ne
1161 695 164 54 faut
1264 695 164 54 plus
1345 695 164 54 rougir

97 730 193 74 d’être
232 730 193 74 poëte.
367 730 329 74 «N’aimez-vous
638 730 135 74 pas
715 730 116 74 le
773 730 174 74 stvle
889 730 116 74 de
947 730 116 74 sa
1005 730 213 74 lettre,
1160 730 174 74 on
1276 730 135 74 dit
1334 730 174 74 les

100 794 329 55 autrichiens
374 794 183 55 battus
502 794 110 55 et
557 794 110 55 je
612 794 110 55 le
667 794 256 55 crois;
868 794 110 55 et
923 794 110 55 de
978 794 110 55 là
1032 794 146 55 sans
1124 794 146 55 plus
1215 794 183 55 penser
1343 794 91 55 à
1380 794 110 55 la
1417 794 91 55 ba-

99 845 256 45 «taille,
291 845 128 45 il
355 845 235 45 m’écrit
526 845 149 45 une
611 845 192 45 demie
739 845 278 45 douzaines
953 845 128 45 de
1017 845 235 45 stances
1188 845 171 45 dont
1273 845 235 45 quelques-

99 895 202 59 «unes
233 895 157 59 ont
323 895 202 59 l’air
457 895 246 59 d’avoir
636 895 157 59 été
726 895 224 59 faites
883 895 112 59 à
928 895 202 59 Paris
1062 895 157 59 par
1152 895 157 59 les
1241 895 179 59 gens
1353 895 134 59 du
1398 895 112 59 mé

76 937 278 57 «tier....»

55 975 166 79 2616.
165 975 368 79 Walkenaër
478 975 129 79 (le
552 975 203 79 baron),
699 975 295 79 littérateur,
938 975 184 79 auteur
1067 975 110 79 de
1122 975 110 79 la
1178 975 184 79 Vie
1306 975 110 79 et
1343 975 166 79 des

104 1033 284 58 ouvrages
332 1033 114 58 de
388 1033 114 58 La
445 1033 322 58 Fontaine
711 1033 114 58 L.
768 1033 152 58 aut.
862 1033 171 58 sig.,
976 1033 95 58 à
1014 1033 171 58 M....
1128 1033 114 58 22
1185 1033 171 58 avril
1298 1033 171 58 1818.
1412 1033 95 58 2
1431 1033 76 58 p.

-28 1072 1383 65 in-8.
894 1072 768 65 2
1048 1072 461 65 »

470 1366 595 110 SSOGRAPEIE

263 1548 342 111 DES
459 1548 489 111 HOMMES
752 1548 537 111 CELEBRES.

111 1837 177 81 Ayant
229 1837 196 81 acquis
366 1837 137 81 les
445 1837 353 81 défets
739 1837 118 81 ou
798 1837 216 81 parties
955 1837 255 81 restantes
1151 1837 137 81 des
1230 1837 216 81 volumes
1367 1837 157 81 incom-

65 1894 167 81 plets
176 1894 111 81 de
231 1894 352 81 l'Isographie
527 1894 130 81 des
601 1894 185 81 hommes
731 1894 296 81 célèbres
971 1894 278 81 (Collection
1193 1894 130 81 des
1267 1894 259 81 fac-simile
1452 1894 74 81 de

65 1954 237 65 lettres
238 1954 323 65 autographes
496 1954 129 65 et
560 1954 129 65 de
625 1954 301 65 signatures
861 1954 172 65 dont
969 1954 151 65 les
1055 1954 280 65 originaux
1270 1954 129 65 se
1313 1954 215 65 trouvent

66 2000 107 78 à
108 2000 129 78 la
173 2000 343 78 Bibliothèque
452 2000 300 78 Impériale,
688 2000 150 78 aux
774 2000 258 78 Archives
967 2000 129 78 de
1031 2000 279 78 l’Empire,
1246 2000 107 78 à
1289 2000 215 78 celles
1418 2000 107 78 des

68 2045 292 81 différents
298 2045 292 81 Ministères
527 2045 125 81 du
590 2045 313 81 département
840 2045 125 81 de
903 2045 125 81 la
966 2045 209 81 Seine,
1112 2045 125 81 et
1174 2045 167 81 dans
1279 2045 146 81 les
1341 2045 188 81 collec-

68 2126 202 55 tions
202 2126 404 55 particulières;
539 2126 247 55 publiée
718 2126 157 55 par
808 2126 157 55 MM.
898 2126 247 55 Bérard,
1077 2126 247 55 marquis
1257 2126 135 55 de
1302 2126 224 55 Château-

68 2166 228 75 giron,
228 2166 273 75 Duchesne
432 2166 205 75 ainé,
569 2166 364 75 conservateur
865 2166 114 75 à
910 2166 137 75 la
979 2166 364 75 Bibliothèque
1252 2166 273 75 Impériale,

67 2210 254 78 Trémisot
258 2210 127 78 et
321 2210 276 78 Berthier.
533 2210 212 78 Paris,
682 2210 191 78 1840.
809 2210 106 78 4
851 2210 170 78 vol.
957 2210 212 78 in-4),
1106 2210 148 78 les
1191 2210 233 78 lettres
1360 2210 127 78 ou
1403 2210 127 78 fac-

68 2263 225 94 simile
225 2263 293 94 restants,
450 2263 180 94 dont
563 2263 158 94 les
653 2263 180 94 noms
765 2263 270 94 suivent,
968 2263 225 94 seront
1125 2263 225 94 vendus
1283 2263 135 94 au
1350 2263 180 94 prix
1440 2263 90 94 de

73 2335 268 81 vingt-cinq
278 2335 237 81 centimes

69 2459 184 69 ADAMS
191 2459 225 69 (John),
355 2459 266 69 président
560 2459 143 69 des
621 2459 164 69 États

92 2513 153 55 Unis.

73 2545 231 69 ADANSON,
227 2545 270 69 naturaliste.

50 2601 218 53 ADDISON.

71 2638 206 56 AGNÈS
186 2638 183 56 SOREL.

76 2684 242 48 AGUESSEAU
263 2684 130 48 (le
337 2684 261 48 chancelier
523 2684 112 48 d’).

75 2722 240 57 ALEMBERT
255 2722 180 57 (d’),
355 2722 220 57 géomêtre.

76 2762 279 70 ALEXANDRE
290 2762 150 70 VI,
355 2762 150 70 pape.

815 2427 265 85 ALEXANDRE
1019 2427 163 85 Ier,
1121 2427 245 85 empereur
1304 2427 122 85 de
1345 2427 184 85 Russie.

795 2508 210 53 ALFIERI.

820 2531 208 70 AMBOISE
971 2531 132 70 (le
1047 2531 227 70 cardinal
1217 2531 208 70 Georges
1350 2531 113 70 d’).

819 2585 182 53 AMYOT
940 2585 282 53 (Jacques),
1162 2585 202 53 évêque
1283 2585 242 53 d’Auxerre.

818 2622 167 63 ANNE
923 2622 313 63 D’AUTRICHE,
1173 2622 188 63 reine
1298 2622 125 63 de
1340 2622 188 63 France.

821 2659 162 62 ANNE
922 2659 122 62 DE
983 2659 264 62 BRETAGNE,
1186 2659 183 62 reine
1308 2659 122 62 de
1348 2659 183 62 France.

820 2710 168 51 ANNE
925 2710 126 51 DE
988 2710 231 51 FRANCE,
1136 2710 210 51 régente.

826 2754 153 68 ANNE
921 2754 210 68 STUART,
1074 2754 172 68 reine
1169 2754 286 68 d’Angleterre,
