1636 3036
673 80 171 91 —
741 80 239 91 207
844 80 102 91 —

79 155 237 99 LEFEBVRE
257 155 138 99 (le
317 155 237 99 maréchal).

816 160 297 92 LONGUEVILLE
1054 160 139 92 (la
1133 160 238 92 duchesse
1292 160 119 92 de),

73 231 251 62 LEGOUVÉ,
241 231 167 62 poëte.

826 232 244 60 LORRAINE
1009 232 244 60 (Charles
1192 232 122 60 de
1232 232 163 60 Guise,

1370 233 161 57 cardi

59 276 220 50 LEIBNITZ.

864 276 134 51 nal
921 276 115 51 de).

78 297 246 91 LEICESTER
268 297 208 91 (Robert
419 297 208 91 Dudley,
571 297 171 91 comte
665 297 114 91 de).

824 307 175 68 LOUIS
940 307 136 68 XI,
1018 307 136 68 roi
1096 307 117 68 de
1135 307 175 68 France.

79 356 229 64 LEKAIN,
225 356 229 64 comédien.

829 359 170 59 LOUIS
942 359 151 59 XII,
1036 359 132 59 roi
1112 359 113 59 de
1149 359 170 59 France.

50 400 244 50 LEMIERRE.

826 400 170 62 LOUIS
939 400 170 62 XIII,
1053 400 132 62 roi
1128 400 113 62 de
1166 400 170 62 France.

71 439 221 57 LENCLOS
232 439 201 57 (Ninon
352 439 121 57 de).

828 442 170 63 LOUIS
941 442 151 63 XIV,
1035 442 132 63 roi
1111 442 113 63 de
1148 442 170 63 France.

80 453 204 94 LENOIR,
229 453 259 94 lieutenant
432 453 111 94 de
469 453 167 94 police.

817 486 177 57 LOUIS
935 486 157 57 XVI,
1034 486 138 57 roi
1113 486 118 57 de
1152 486 177 57 France.

76 523 247 57 LENOSTRE,
247 523 247 57 architecte.

815 525 171 58 LOUIS
929 525 190 58 XVIII,
1062 525 133 58 roi
1138 525 114 58 de
1176 525 171 58 France.

75 567 231 50 LESSING,
229 567 231 50 philosophe

429 552 230 70 allemand.

823 568 190 57 Louis,
956 568 133 57 dit
1032 568 114 57 le
1089 568 171 57 grand
1185 568 190 57 dauphin.

70 608 215 55 LESUEUR
207 608 255 55 (Eustache),

452 611 180 52 eintre.

821 599 196 82 LOUISE
958 599 117 82 DE
1017 599 215 82 SAVOIE,
1174 599 235 82 duchesse
1330 599 196 82 d’Angou-

72 652 117 50 LE
131 652 215 50 TELLIER
288 652 137 50 (le
346 652 137 50 père)

477 654 171 62 jésuite.

825 652 160 54 lême.

72 695 241 45 LHOSPITAL
258 695 130 45 (le
332 695 260 45 chancelier
518 695 111 45 de).

814 682 209 69 LOUVET
960 682 125 69 DE
1023 682 251 69 COUVRAY,
1190 682 334 69 conventionnel.

69 733 171 56 LIGNE
183 733 133 56 (le
259 733 190 56 prince
374 733 114 56 de).

814 740 170 57 LUCE
920 740 128 57 DE
963 740 234 57 LANCIVAL.

72 776 176 55 LINNÉ
169 776 234 55 (Charles).

784 780 221 56 LUTHER.

71 818 162 55 LIPSE
179 818 215 55 (Juste),
322 818 162 55 érudit.

818 788 283 103 LUXEMBOURG
1040 788 142 103 (le
1121 788 243 103 maréchal
1283 788 121 103 de).

70 860 253 65 LLORENTE,
245 860 233 65 historien.

837 910 147 92 La
935 910 115 92 fin
1000 910 98 92 au
1049 910 196 92 prochain
1180 910 213 92 numéro

333 1231 602 85 DICTIONNAIRE
822 1231 226 85 DE
898 1231 338 85 MUSIQUE

93 1399 272 88 DE
229 1399 724 88 JEAN-JAGQUES
772 1399 679 88 ROUSSEAU

57 1560 274 90 Manuscrit
268 1560 253 90 original
457 1560 126 90 de
521 1560 126 90 ce
584 1560 337 90 dictionnaire
858 1560 190 90 ayant
984 1560 190 90 servi
1111 1560 169 90 pour
1195 1560 316 90 l’impression,

104 1633 279 53 comprenant
323 1633 219 53 cinq
482 1633 159 53 cent
582 1633 318 53 quatre-vingt
840 1633 239 53 deux
1019 1633 179 53 pages
1139 1633 219 53 pleines
1298 1633 179 53 grand
1398 1633 119 53 in

107 1684 150 71 (les
201 1684 168 71 pages
313 1684 243 71 uane
500 1684 94 71 à
538 1684 356 71 trente-six
837 1684 337 71 inclusivement,
1118 1684 262 71 manquent).
1324 1684 112 71 Le
1361 1684 150 71 titre,

108 1744 115 68 la
165 1744 211 68 préface
319 1744 115 68 et
377 1744 365 68 l’avertissement
684 1744 173 68 (sept
800 1744 173 68 pages
915 1744 192 68 in-4),
1050 1744 115 68 et
1107 1744 115 68 (à
1165 1744 115 68 la
1223 1744 154 68 fin)
1300 1744 211 68 plusieurs

110 1792 191 62 pages
237 1792 276 62 d’errata,
450 1792 170 62 sont
556 1792 276 62 également
769 1792 128 62 de
833 1792 128 62 la
896 1792 170 62 main
1003 1792 128 62 de
1067 1792 191 62 J.-J.
1194 1792 276 62 Rousseau.
1385 1792 128 62 Deux

101 1854 211 55 belles
249 1854 232 55 lettres
417 1854 317 55 autographes
671 1854 127 55 et
734 1854 232 55 signées
903 1854 127 55 de
966 1854 190 55 J.-J.
1093 1854 274 55 Rousseau,
1283 1854 232 55 adressées

110 1898 120 74 de
170 1898 260 74 Moitiers,
370 1898 140 74 les
450 1898 120 74 15
509 1898 240 74 décembre
689 1898 160 74 1764
789 1898 120 74 et
849 1898 100 74 3
889 1898 160 74 mars
989 1898 160 74 1765
1089 1898 260 74 (ensemble
1268 1898 240 74 cin

105 1966 191 56 pages
232 1966 212 56 in-4),
380 1966 127 56 au
444 1966 254 56 libraire
635 1966 297 56 Duchesnes,
868 1966 127 56 au
932 1966 191 56 sujet
1059 1966 127 56 de
1122 1966 127 56 la
1186 1966 318 56 publication
1419 1966 85 56 de

102 2023 155 51 cet
191 2023 266 51 ouvrage,
390 2023 155 51 ont
479 2023 155 51 été
568 2023 266 51 ajoutées
768 2023 200 51 après
901 2023 444 51 l’avertissement.
1278 2023 133 51 Au
1345 2023 155 51 bas
1411 2023 89 51 de

108 2058 186 64 chaque
238 2058 149 64 page
331 2058 111 64 se
387 2058 223 64 trouvent
554 2058 130 64 les
628 2058 241 64 initiales
814 2058 241 64 Cl
1000 2058 260 64 (Clairaut)
1204 2058 149 64 aut.
1297 2058 111 64 du
1334 2058 167 64 censeur

106 2112 234 69 chargé
269 2112 327 69 d’examiner
527 2112 140 69 ce
597 2112 234 69 livre.
761 2112 211 69 Belle
901 2112 257 69 reliure
1088 2112 140 69 de
1158 2112 211 69 Capé,
1275 2112 234 69 maroquin

105 2176 196 70 rouge
236 2176 109 70 à
280 2176 218 70 nerfs,
433 2176 218 70 dorure
585 2176 109 70 à
629 2176 393 70 compartiments,
956 2176 284 70 imitation
1175 2176 153 70 des
1262 2176 218 70 riches
1393 2176 109 70 re-

98 2223 226 77 liures
257 2223 136 77 du
324 2223 226 77 temps.
483 2223 271 77 Précieux
664 2223 203 77 volume.

232 2306 583 72 Prix.
685 2306 518 72 2000
944 2306 324 72 fr.

90 2540 168 82 N.
202 2540 168 82 B
314 2540 112 82 M.
370 2540 223 82 LAVERDET
537 2540 130 82 est
612 2540 149 82 chez
705 2540 130 82 lui
779 2540 112 82 de
835 2540 93 82 1
872 2540 168 82 heure
984 2540 93 82 à
1021 2540 112 82 4,
1077 2540 130 82 les
1151 2540 242 82 dimanches
1337 2540 112 82 et
1375 2540 130 82 fêtes

52 2617 241 64 exceptés,
238 2617 111 64 et
294 2617 111 64 du
349 2617 111 64 15
405 2617 167 64 avril
516 2617 111 64 au
572 2617 111 64 15
628 2617 223 64 octobre,
795 2617 130 64 les
869 2617 241 64 mercredis
1055 2617 111 64 et
1110 2617 204 64 samedis
1240 2617 223 64 seulement.

360 2742 145 102 Ce
457 2742 161 102 numéro
570 2742 113 102 n’a
634 2742 113 102 été
699 2742 210 102 distribué
860 2742 113 102 que
925 2742 97 102 le
973 2742 97 102 30
1005 2742 194 102 avril
