1636 3054
656 128 220 80 EN
730 128 256 80 VENTE

323 199 154 84 A
385 199 184 84 LA
477 199 399 84 LIBRAIRIE
784 199 184 84 DE
845 199 123 84 J.

921 185 401 106 TECHENER,

582 257 152 64 RUE
669 257 131 64 DE
735 257 327 64 LARBRE-SEC,
974 257 109 64 52.

452 358 708 97 CORRESPONDANCE

730 440 179 60 ENTRE

24 536 1493 90 DUTEAUTHETRAUA

746 608 128 70 ET

482 652 595 134 BROSSETTE,

527 777 208 60 Avocat
673 777 125 60 au
735 777 270 60 Parlement
943 777 125 60 de
985 777 146 60 Lyon.

411 820 252 72 PUBLIÉE
594 820 160 72 SUR
686 820 160 72 LES
777 820 320 72 MANUSCRITS
1006 820 252 72 ORIGINAUX

536 878 183 85 PAR
640 878 287 85 AUGUSTE
823 878 287 85 LAVERDET,

300 952 509 82 INTRODUCTION
714 952 223 82 PAR
841 952 191 82 M.
936 952 286 82 JULES
1096 952 255 82 JANIN.

413 1013 237 67 Première
603 1013 174 67 édition
729 1013 205 67 complète,
887 1013 95 67 en
934 1013 158 67 partie
1029 1013 221 67 inédite

135 1078 105 60 Un
187 1078 174 60 volume
309 1078 139 60 in-8
396 1078 105 60 de
448 1078 174 60 XXXII—
570 1078 122 60 608
640 1078 174 60 pages,
762 1078 139 60 avec
849 1078 122 60 six
918 1078 261 60 fac-simile,
1127 1078 105 60 et
1180 1078 105 60 la
1232 1078 244 60 généalogie
1423 1078 105 60 de
1458 1078 70 60 la

564 1118 193 65 famille
705 1118 106 65 de
758 1118 193 65 Boileau
881 1118 211 65 Despréaux.

564 1178 93 35 —

742 1167 109 52 EEERRR-C
824 1167 46 52 C
842 1167 55 52 C)
860 1167 64 52 CEmmn

340 1215 336 71 SOMMAIRE
592 1215 168 71 DU
676 1215 308 71 CONTENU
900 1215 168 71 DE
984 1215 168 71 CE
1040 1215 252 71 VOLUME:

406 1267 270 81 (COMPLÉMENT
622 1267 126 81 DES
694 1267 198 81 OEUVRES
838 1267 108 81 DE
891 1267 198 81 BOILEAU
1017 1267 234 81 DESPRÉAUX.)

108 1323 245 66 PREMIÈRE
292 1323 204 66 PARTIE
435 1323 245 66 (Premier
619 1323 204 66 volume
762 1323 123 66 du
823 1323 307 66 manuscrit).
1069 1323 102 66 —
1110 1323 368 66 Correspondance
1396 1323 143 66 entre

150 1381 213 46 Boileau
305 1381 252 46 Despréaux
498 1381 116 46 et
557 1381 252 46 Brossette
750 1381 271 46 (contenant
964 1381 368 46 soixante-quinze
1274 1381 213 46 lettres
1409 1381 136 46 auto-

149 1421 218 56 graphes
308 1421 218 56 signées
466 1421 119 56 de
525 1421 218 56 Boileau
684 1421 297 56 Despréaux).
902 1421 59 56 —

949 1422 167 59 Arrêt
1061 1422 111 59 de
1116 1422 222 59 noblesse
1283 1422 111 59 de
1338 1422 111 59 la
1375 1422 167 59 famille

660 1460 232 51 Sentence
834 1460 135 51 des
911 1460 232 51 requêtes
1085 1460 116 51 du
1143 1460 193 51 Palais
1278 1460 135 51 sur
1356 1460 116 51 le
1394 1460 155 51 procès

147 1462 135 56 de
215 1462 248 56 Boileau
396 1462 316 56 Despréaux.
621 1462 68 56 —

147 1507 110 50 du
202 1507 201 50 Lutrin.
348 1507 91 50 —
384 1507 201 50 Lettres
530 1507 110 50 et
585 1507 183 50 pièces
713 1507 110 50 de
767 1507 201 50 divers.
913 1507 91 50 —
950 1507 237 50 Testament
1132 1507 110 50 de
1187 1507 201 50 Boileau
1315 1507 219 50 Despréaux.

110 1548 222 61 DEUXIÈME
276 1548 203 61 PARTIE,
424 1548 111 61 ou
479 1548 388 61 Supplément
812 1548 240 61 (deuxième
997 1548 185 61 volume
1126 1548 111 61 du
1182 1548 259 61 manuscrit)
1367 1548 166 61 compre-

152 1595 148 42 nant
244 1595 129 42 les
318 1595 203 42 papiers
466 1595 111 42 de
521 1595 203 42 Boileau
669 1595 240 42 Despréaux
854 1595 203 42 laissés
1002 1595 92 42 à
1039 1595 111 42 sa
1094 1595 166 42 mort,
1205 1595 111 42 et
1261 1595 185 42 donnés
1390 1595 92 42 à
1409 1595 129 42 Bros-

149 1636 181 48 sette
270 1636 141 48 par
350 1636 201 48 l’abbé
491 1636 241 48 Boileau,
672 1636 141 48 son
752 1636 201 48 frère.
893 1636 101 48 —
933 1636 141 48 Les
1013 1636 181 48 Héros
1134 1636 121 48 du
1194 1636 201 48 Roman,
1315 1636 221 48 dialogue.

148 1686 105 48 —
190 1686 168 48 Deux
295 1686 273 48 Épitaphes
505 1686 126 48 de
568 1686 231 48 Racine.
736 1686 105 48 —
778 1686 231 48 Réponse
945 1686 105 48 à
987 1686 126 48 un
1050 1686 231 48 mémoire
1218 1686 126 48 de
1281 1686 210 48 Claude
1407 1686 126 48 Per-

147 1719 186 57 rault.
278 1719 93 57 —
315 1719 223 57 Lettres:
482 1719 112 57 au
538 1719 167 57 comte
650 1719 112 57 de
706 1719 223 57 Vivonne;
873 1719 93 57 à
910 1719 242 57 Maucroix;
1096 1719 93 57 à
1134 1719 186 57 Racine
1264 1719 149 57 (dix
1338 1719 205 57 lettres);

151 1763 100 48 à
191 1763 201 48 Madame
332 1763 241 48 Manchon,
512 1763 120 48 sa
572 1763 181 48 sœur;
693 1763 100 48 à
733 1763 201 48 Madame
874 1763 120 48 la
934 1763 241 48 marquise
1114 1763 120 48 de
1175 1763 261 48 Villette;
1375 1763 100 48 à
1416 1763 120 48 M.
1456 1763 80 48 de

149 1805 125 49 La
212 1805 271 49 Chapelle,
420 1805 146 49 son
504 1805 188 49 neveu
629 1805 167 49 (dix
733 1805 271 49 lettres);
942 1805 104 49 à
984 1805 125 49 M.
1046 1805 125 49 le
1109 1805 188 49 comte
1234 1805 125 49 de
1297 1805 271 49 Maurepas;
1484 1805 63 49 à

150 1847 117 54 M.
209 1847 117 54 de
268 1847 352 54 Pontchartrain;
561 1847 98 54 à
600 1847 117 54 M.
658 1847 195 54 l’abbé
795 1847 215 54 Bignon;
951 1847 98 54 à
990 1847 117 54 M.
1049 1847 117 54 le
1107 1847 176 54 comte
1225 1847 117 54 de
1283 1847 176 54 Revel
1400 1847 137 54 sur
1459 1847 78 54 le

146 1890 208 49 combat
292 1890 125 49 de
354 1890 249 49 Crémone;
541 1890 104 49 à
583 1890 125 49 M.
645 1890 125 49 Le
707 1890 249 49 Verrier;
895 1890 104 49 à
936 1890 312 49 Destouches;
1186 1890 125 49 au
1248 1890 166 49 père
1331 1890 208 49 Thoulier

149 1923 186 55 (trois
279 1923 241 55 lettres),
465 1923 167 55 etc.,
576 1923 204 55 etc...;
725 1923 223 55 Maucroix
892 1923 93 55 à
929 1923 241 55 Despréaux
1115 1923 167 55 (cinq
1226 1923 241 55 lettres);
1393 1923 149 55 Racine

150 1975 97 45 à
188 1975 270 45 Despréaux;
401 1975 116 45 le
459 1975 154 45 père
555 1975 232 45 Bouhours
729 1975 97 45 à
768 1975 270 45 Despréaux,
980 1975 174 45 etc.,
1096 1975 154 45 etc.
1192 1975 97 45 —
1231 1975 193 45 Pièces
1366 1975 116 45 de
1405 1975 135 45 vers:

146 2010 303 58 Épigrammes;
388 2010 222 58 Chanson
550 2010 101 58 à
591 2010 202 58 boire;
732 2010 222 58 Enigme;
894 2010 222 58 Parodie
1056 2010 283 58 burlesque;
1278 2010 243 58 Réponses
1440 2010 101 58 aux

146 2058 235 52 jésuites
323 2058 118 52 de
382 2058 235 52 Trévoux;
558 2058 274 52 Quatrains;
774 2058 176 52 etc.,
891 2058 157 52 etc.
989 2058 235 52 Fragment
1166 2058 157 52 d’un
1264 2058 235 52 prologue
1420 2058 118 52 d’o-

145 2102 267 61 péra....;
351 2102 226 61 Préface
515 2102 164 61 pour
617 2102 123 61 la
679 2102 205 61 Satire
822 2102 164 61 XII;
925 2102 185 61 Notes
1048 2102 164 61 pour
1150 2102 369 61 l’intelligence
1437 2102 103 61 des

150 2146 187 50 œuvres
281 2146 224 50 diverses
450 2146 112 50 de
506 2146 262 50 Despréaux,
711 2146 131 50 sur
786 2146 112 50 la
842 2146 206 50 préface
992 2146 112 50 de
1048 2146 243 50 l’édition
1235 2146 150 50 in-4
1329 2146 112 50 de
1366 2146 131 50 1701.

114 2163 245 91 TROISIÊME
302 2163 207 91 FARTIE,
453 2163 113 91 ou
510 2163 395 91 Appendice
848 2163 94 91 —
886 2163 226 91 Mémoires
1056 2163 113 91 de
1112 2163 264 91 Brossette,
1319 2163 132 91 sur
1376 2163 169 91 Boileau

143 2226 275 55 Despréaux,
360 2226 216 55 d’après
517 2226 138 55 les
596 2226 256 55 fragments
792 2226 256 55 originaux
989 2226 256 55 conservés
1186 2226 98 55 à
1225 2226 118 55 la
1265 2226 275 55 Bibliothèque

132 2269 232 54 Impériale.

350 2274 103 51 —
392 2274 226 51 Lettres
556 2274 123 51 de
618 2274 123 51 M.
679 2274 123 51 A.
741 2274 267 51 Péricaud,
946 2274 123 51 et
1008 2274 349 51 dissertation,
1295 2274 123 51 au
1357 2274 185 51 sujet
1460 2274 82 51 de

151 2313 281 52 Brossette.
352 2313 60 52 —

394 2310 178 57 Table
513 2310 276 57 analytique
730 2310 138 57 des
809 2310 178 57 noms,
927 2310 138 57 des
1006 2310 197 57 lieux,
1144 2310 178 57 etc.,
1263 2310 178 57 cités
1381 2310 158 57 dans
1460 2310 79 57 la

151 2354 348 64 correspondance
440 2354 174 64 entre
556 2354 212 64 Boileau
711 2354 251 64 Despréaux
904 2354 116 64 et
942 2354 232 64 Brossette.

1369 2393 113 68 10
1407 2393 94 68 fr.

267 2409 182 50 Prix,
388 2409 203 50 papier
530 2409 182 50 carré
652 2409 223 50 vélin..
814 2409 101 50 .
855 2409 101 50 .
895 2409 101 50 .
936 2409 101 50 .
976 2409 101 50 .
1017 2409 101 50 .
1057 2409 101 50 .
1098 2409 101 50 .
1138 2409 101 50 .
1179 2409 101 50 .
1219 2409 101 50 .
1260 2409 101 50 .
1280 2409 61 50 .

1367 2452 120 57 15
1407 2452 100 57 fr.

380 2451 195 65 papier
516 2451 175 65 grand
633 2451 195 65 raisin
769 2451 195 65 vélin.
905 2451 97 65 .
944 2451 97 65 .
983 2451 97 65 .
1022 2451 97 65 .
1061 2451 97 65 .
1100 2451 97 65 .
1138 2451 97 65 .
1177 2451 97 65 .
1216 2451 97 65 .
1255 2451 97 65 .
1275 2451 58 65 .

376 2493 189 50 papier
509 2493 170 50 grand
622 2493 189 50 raisin
736 2493 151 50 vergé.

1365 2495 115 71 15
1403 2495 96 71 fr.

847 2493 225 60 3.
1034 2493 337 60 ★★★★★
1221 2493 112 60 ★

266 2535 120 62 Il
326 2535 100 62 a
366 2535 140 62 été
446 2535 160 62 tiré
546 2535 280 62 vingt-cinq
766 2535 300 62 exemplaires
1005 2535 140 62 sur
1085 2535 200 62 papier
1205 2535 140 62 grand

152 2572 183 75 raisin
280 2572 164 75 fort,
389 2572 183 75 vergé,
517 2572 256 75 numérotés,
718 2572 146 75 avec
809 2572 164 75 titre
919 2572 201 75 imprimé
1065 2572 146 75 noir
1156 2572 110 75 et
1193 2572 146 75 rouge,

148 2625 119 45 et
208 2625 199 45 collés
347 2625 179 45 après
466 2625 358 45 l’impression..
765 2625 99 45 .
805 2625 99 45 .
844 2625 99 45 .
884 2625 99 45 .
924 2625 99 45 .
964 2625 99 45 .
1004 2625 99 45 .
1043 2625 99 45 .
1063 2625 60 45 .

1368 2616 123 61 30
1409 2616 103 61 fr.

1074 2619 266 63 »

105 2666 242 63 L’épitaphe
295 2666 104 63 de
347 2666 173 63 Racine
468 2666 121 63 par
538 2666 190 63 Boileau
676 2666 242 63 Despréaux,
867 2666 225 63 conservée
1040 2666 139 63 dans
1126 2666 208 63 l’Eglise
1265 2666 277 63 Saint-

139 2717 206 61 du-Mont,
293 2717 103 61 et
345 2717 240 61 reproduite
534 2717 137 61 dans
619 2717 103 61 ce
671 2717 189 61 volume,
808 2717 86 61 a
842 2717 120 61 été
911 2717 154 61 tirée
1014 2717 86 61 à
1048 2717 154 61 part,
1151 2717 137 61 pour
1237 2717 120 61 les
1306 2717 154 61 trois
1392 2717 154 61 papiers

141 2748 156 59 grand
245 2748 191 59 raisin,
366 2748 208 59 seulement.

302 2802 187 93 Pr.
409 2802 134 93 -
463 2802 294 93 TRERRRR
677 2802 214 93 ETRR
811 2802 187 93 TGR
918 2802 187 93 RR-
1025 2802 321 93 CEiACan,
1239 2802 107 93 /.

1365 321 183 51 —
