1597 2889
635 29 185 100 —
709 29 259 100 408
820 29 111 100 —

123 104 195 91 toyen
253 104 282 91 Alexandre
470 104 282 91 Berthier,
687 104 260 91 ministre
882 104 130 91 de
947 104 130 91 la
1012 104 239 91 guerre.
1186 104 217 91 Paris,
1338 104 130 91 28
1381 104 130 91 bru-

122 183 185 86 maire
246 183 124 86 an
308 183 144 86 IX.
390 183 103 86 1
431 183 144 86 gr.
514 183 124 86 p.
575 183 144 86 pl.
658 183 227 86 in-fol.
823 183 124 86 Il
884 183 103 86 y
925 183 103 86 a
967 183 124 86 en
1028 183 185 86 marge
1152 183 165 86 deux
1255 183 206 86 lignes
1378 183 124 86 aut.

81 226 497 56 sig.
392 226 373 56 de
578 226 808 56 Berthier.
1199 226 311 56 3
1261 226 249 56 50

75 276 182 71 4935.
196 276 343 71 Bougon
479 276 141 71 (le
560 276 263 71 docteur),
762 276 283 71 chirurgien
984 276 121 71 du
1044 276 182 71 comte
1166 276 263 71 d’Artois,
1347 276 162 71 depuis

119 335 259 57 Charles
308 335 141 57 X.
378 335 141 57 L.
449 335 188 57 aut.
567 335 212 57 sig.,
708 335 141 57 au
778 335 259 57 vicomte
967 335 141 57 de
1037 335 377 57 Montmorency.
1320 335 188 57 Paris,

113 372 186 54 22
206 372 217 54 mai
330 372 279 54 1817.
516 372 155 54 1
578 372 186 54 p.
671 372 341 54 in-fol.
920 372 527 54 Intéressante.
1354 372 155 54 2
1385 372 124 54 50

74 419 187 83 4936.
199 419 437 83 Bouilanger
573 419 250 83 (Louis),
760 419 229 83 peintre
927 419 312 83 d’histoire.
1176 419 125 83 L.
1239 419 166 83 aut.
1343 419 187 83 sig.,
1447 419 62 83 à

122 470 137 60 M.
191 470 273 60 Gaugain,
395 470 114 60 à
441 470 228 60 Rouen.
600 470 228 60 Paris,
759 470 137 60 18
828 470 250 60 février
1010 470 205 60 1840.
1146 470 114 60 2
1192 470 137 60 p.
1260 470 205 60 in-8.
1396 470 114 60 2
1419 470 91 60 50

73 507 186 64 4937.
197 507 414 64 Boulanger
549 507 290 64 (Gustave),
777 507 248 64 peintre,
963 507 186 64 élève
1087 507 124 64 de
1149 507 228 64 l’école
1315 507 124 64 de
1356 507 145 64 Rome.

118 569 157 59 L.
196 569 209 59 aut.
327 569 235 59 sig.,
484 569 131 59 à
536 569 209 59 M...
667 569 157 59 18
746 569 288 59 février
955 569 235 59 1846.
1112 569 131 59 2
1164 569 157 59 p.
1242 569 235 59 in-8.
1399 569 131 59 2
1426 569 78 59 »

73 605 182 59 4938.
194 605 424 59 Boullenois
557 605 242 59 (Louis),
738 605 202 59 avocat
880 605 121 59 au
940 605 262 59 parlement
1142 605 121 59 de
1202 605 202 59 Paris.
1344 605 121 59 L.
1384 605 121 59 aut.

124 666 192 67 sig.,
251 666 106 67 à
294 666 213 67 Mgr...
443 666 128 67 19
507 666 234 67 octobre
677 666 192 67 1745.
805 666 106 67 3
847 666 128 67 p.
911 666 149 67 pl.
996 666 192 67 in-4,
1124 666 170 67 avec
1230 666 128 67 la
1294 666 213 67 minute
1422 666 85 67 de

119 701 164 64 la
201 701 300 64 réponse
419 701 164 64 du
500 701 327 64 ministre
746 701 164 64 en
827 701 245 64 tête.
991 701 463 64 Intéressante.
1373 701 136 64 7
1400 701 109 64 50

172 747 329 73 Concultation
440 747 123 73 au
501 747 185 73 sujet
625 747 185 73 d’une
748 747 206 73 saisie
892 747 185 73 faite
1016 747 144 73 sur
1098 747 123 73 un
1159 747 267 73 fabricant
1365 747 123 73 de
1406 747 103 73 bas

125 798 128 63 au
189 798 213 63 métier
338 798 128 63 de
402 798 128 63 la
465 798 192 63 ville
593 798 277 63 d’Angers,
806 798 106 63 à
849 798 128 63 la
913 798 234 63 requête
1083 798 149 63 des
1168 798 277 63 marchands
1381 798 128 63 de
1424 798 85 63 la

123 853 179 63 même
234 853 268 63 ville...
435 853 112 63 —
480 853 134 63 Et
547 853 134 63 de
614 853 179 63 deux
726 853 223 63 filles
882 853 134 63 de
949 853 134 63 la
1016 853 201 63 ville
1150 853 268 63 d’Angers
1351 853 156 63 qui
1418 853 89 63 se

123 909 213 57 mêlent
272 909 128 57 de
336 909 213 57 panser
485 909 149 57 les
571 909 256 57 malades.
763 909 192 57 Elles
890 909 128 57 ne
954 909 256 57 saignent
1146 909 192 57 point
1274 909 128 57 et
1338 909 128 57 ne
1381 909 128 57 font

126 959 204 48 aucune
268 959 265 48 opération
472 959 122 48 de
533 959 285 48 chirurgie,
757 959 163 48 mais
859 959 183 48 elles
981 959 224 48 pansent
1144 959 143 48 les
1226 959 265 48 blessures
1409 959 102 48 des

123 1010 242 51 malades
299 1010 132 51 et
365 1010 176 51 leur
475 1010 308 51 appliquent
717 1010 154 51 des
805 1010 286 51 onguents.
1024 1010 154 51 Les
1112 1010 330 51 chirurgiens
1354 1010 154 51 d’An-

128 1046 169 61 gers
234 1046 148 61 les
318 1046 148 61 ont
403 1046 381 61 entreprises...
721 1046 254 61 sentence
911 1046 148 61 est
996 1046 296 61 intervenue
1229 1046 106 61 à
1250 1046 254 61 Angers....

78 1088 199 59 4939.
210 1088 552 59 Esourbon-Condé
696 1088 750 59 (Louise-Marie-Thérèse-Bathilde
1358 1088 154 59 d’Or

127 1137 212 61 léans,
275 1137 255 61 duchesse
466 1137 170 61 de),
572 1137 170 61 mère
678 1137 127 61 du
742 1137 149 61 duc
827 1137 297 61 d’Enghien.
1060 1137 127 61 L.
1124 1137 170 61 aut.
1230 1137 191 61 sig.,
1357 1137 106 61 à
1379 1137 127 61 M...

109 1189 234 57 18
226 1189 428 57 juillet
537 1189 350 57 1818.
771 1189 195 57 1
849 1189 234 57 p.
966 1189 273 57 pl.
1122 1189 350 57 in-4.
1355 1189 195 57 6
1394 1189 117 57 »

80 1221 192 85 4940.
208 1221 342 85 Boyer
485 1221 149 85 (J.
571 1221 171 85 F.),
677 1221 256 85 théatin,
870 1221 213 85 évêque
1019 1221 128 85 de
1083 1221 278 85 Mirepoix,
1297 1221 213 85 membre
1425 1221 85 85 de

128 1280 292 59 l’Académie
358 1280 292 59 française,
587 1280 292 59 précepteur
817 1280 125 59 du
879 1280 250 59 dauphin.
1067 1280 125 59 L.
1129 1280 167 59 aut.
1234 1280 188 59 sig.,
1359 1280 104 59 à
1380 1280 125 59 M...

117 1329 465 71 Versailles,
489 1329 155 71 5
551 1329 248 71 juin
706 1329 279 71 1747.
893 1329 155 71 2
955 1329 186 71 p.
1048 1329 217 71 pl.
1172 1329 279 71 in-4.
1358 1329 155 71 7
1389 1329 124 71 50

175 1388 122 58 Il
236 1388 162 58 sort
337 1388 122 58 de
398 1388 284 58 travailler
621 1388 162 58 avec
722 1388 122 58 le
783 1388 162 58 roi,
884 1388 122 58 et
945 1388 142 58 lui
1026 1388 182 58 donne
1148 1388 122 58 la
1209 1388 182 58 liste
1331 1388 142 58 des
1391 1388 122 58 per-

127 1422 213 65 sonnes
276 1422 149 65 qui
361 1422 149 65 ont
446 1422 213 65 obtenu
595 1422 149 65 des
680 1422 256 65 pensions
872 1422 128 65 ou
936 1422 149 65 des
1021 1422 341 65 bénéfices...
1298 1422 128 65 M.
1341 1422 170 65 Vatry,

125 1482 273 66 chanoine
330 1482 137 66 de
399 1482 273 66 Cambray;
604 1482 137 66 un
672 1482 296 66 ingénieur
900 1482 137 66 de
968 1482 387 66 Valenciennes,
1287 1482 159 66 qui
1378 1482 114 66 a
1401 1482 114 66 dix

105 1528 272 60 enfants...

103 1573 166 62 941.
207 1573 374 62 Breuner
519 1573 353 62 (Maximilien),
810 1573 187 62 baron
935 1573 291 62 d’Hesling,
1164 1573 291 62 conseiller
1371 1573 146 62 auli-

129 1631 156 57 que
218 1631 134 57 et
285 1631 290 57 président
509 1631 134 57 du
576 1631 246 57 conseil
754 1631 134 57 de
821 1631 313 57 l’empereur
1067 1631 290 57 Ferdinand
1291 1631 156 57 II,
1358 1631 156 57 connu

130 1686 178 48 dans
241 1686 134 48 la
308 1686 223 48 guerre
464 1686 134 48 de
531 1686 223 48 Trente
687 1686 178 48 ans,
799 1686 335 48 ambassadeur
1067 1686 112 48 à
1111 1686 134 48 la
1178 1686 201 48 diète
1312 1686 134 48 de
1357 1686 156 48 Edem-

127 1720 198 63 bourg
259 1720 132 63 en
325 1720 265 63 Hongrie,
524 1720 132 63 où
590 1720 132 63 il
656 1720 220 63 mourut
810 1720 132 63 en
877 1720 198 63 1634.
1009 1720 132 63 L.
1075 1720 176 63 aut.
1185 1720 176 63 sig.
1296 1720 154 63 (en
1362 1720 154 63 alle-

120 1783 297 44 mand),
328 1783 178 44 29
417 1783 267 44 avril
595 1783 267 44 1622.
773 1783 148 44 2
833 1783 178 44 p.
922 1783 326 44 in-fol.
1159 1783 326 44 Cachet.
1396 1783 148 44 5
1426 1783 89 44 »

85 1807 163 56 4942.
193 1807 325 56 Briquet
465 1807 163 56 (P.),
573 1807 108 56 de
627 1807 181 56 Niort,
754 1807 181 56 auteur
880 1807 108 56 de
935 1807 307 56 l'Histoire
1188 1807 127 56 de.
1260 1807 253 56 Niort
1441 1807 72 56 L.

132 1864 158 57 aut.
231 1864 178 57 sig.,
349 1864 99 57 à
389 1864 118 57 M.
448 1864 118 57 le
507 1864 316 57 président...
764 1864 197 57 Niort,
902 1864 118 57 le
961 1864 99 57 4
1001 1864 158 57 nov.
1099 1864 178 57 1832.
1218 1864 99 57 2
1257 1864 118 57 p.
1317 1864 138 57 pl.
1376 1864 138 57 in

45 1911 1369 50 Curieuse.
1098 1911 527 50 3
1203 1911 316 50 »

83 1950 189 68 4943.
209 1950 399 68 Brindeau
545 1950 441 68 acteur-sociétaire
923 1950 126 68 de
986 1950 126 68 la
1049 1950 462 68 Comédie-Française.
1427 1950 84 68 L.

132 2007 176 90 aut.
242 2007 198 90 sig.,
374 2007 110 90 à
418 2007 286 90 Ferville.
639 2007 220 90 Paris,
793 2007 110 90 6
837 2007 198 90 avril
969 2007 198 90 1833.
1101 2007 110 90 1
1145 2007 110 90 p
1190 2007 154 90 pl.
1278 2007 198 90 in-4.
1388 2007 132 90 Deux

73 2060 1296 58 portr
1140 2060 381 58 3
1216 2060 305 58 50

85 2098 178 57 4944.
204 2098 337 57 Erohan
482 2098 218 57 (Mlle),
640 2098 258 57 soubrette
839 2098 119 57 du
898 2098 416 57 Théâtre-Français.
1255 2098 119 57 L.
1315 2098 159 57 aut.
1394 2098 119 57 sig.

80 2148 361 56 1
224 2148 433 56 p.
440 2148 505 56 pl.
729 2148 721 56 in-12.
1234 2148 361 56 2
1306 2148 216 56 »

80 2186 194 63 4945.
210 2186 259 63 Buret
404 2186 129 63 de
469 2186 410 63 Longchamps,
813 2186 302 63 historien.
1051 2186 129 63 L.
1115 2186 129 63 a.
1180 2186 151 63 s.,
1266 2186 108 63 à
1309 2186 129 63 M.
1353 2186 172 63 Saint-

131 2250 220 65 Léger,
285 2250 397 65 Saint-Brienne,
616 2250 110 65 4
660 2250 176 65 nov.
770 2250 198 65 1819.
903 2250 110 65 3
947 2250 132 65 p.
1013 2250 154 65 pl.
1101 2250 132 65 et
1167 2250 198 65 demie
1300 2250 198 65 in-4.
1432 2250 110 65 3
1454 2250 66 65 »

183 2292 131 67 Au
249 2292 196 67 sujet
379 2292 131 67 de
445 2292 348 67 l’impression
728 2292 131 67 de
793 2292 152 67 son
858 2292 218 67 ouvrage.

85 2337 182 56 4946.
206 2337 403 56 Campestre
549 2337 222 56 (madame
710 2337 161 56 de),
811 2337 202 56 auteur
952 2337 121 56 de
1013 2337 403 56 Mémoires
1356 2337 121 56 L.
1396 2337 121 56 aut.

132 2386 209 69 sig.,
271 2386 139 69 au
341 2386 279 69 libraire
550 2386 325 69 Moutardier
805 2386 163 69 1er
898 2386 186 69 août
1014 2386 209 69 1826.
1153 2386 116 69 2
1200 2386 139 69 p.
1270 2386 209 69 in-8.
1409 2386 116 69 2
1432 2386 93 69 50

184 2447 111 60 Au
239 2447 166 60 sujet
350 2447 111 60 de
405 2447 111 60 la
460 2447 277 60 publication
682 2447 111 60 de
737 2447 129 60 ses
793 2447 332 60 Mémoires

87 2475 182 68 4947.
208 2475 365 68 Cassini
512 2475 466 68 (Jacques-Dominique,
918 2475 182 68 comte
1039 2475 162 68 de),
1141 2475 264 68 directeur
1344 2475 122 68 de
1384 2475 142 68 l’Ob

136 2542 331 74 servatoire,
401 2542 221 74 membre
555 2542 132 74 de
621 2542 309 74 l’Académie
864 2542 154 74 des
952 2542 287 74 sciences.
1173 2542 132 74 L.
1239 2542 177 74 aut.
1349 2542 199 74 sig.,
1460 2542 66 74 à

120 2586 252 60 son
264 2586 324 60 père.
480 2586 216 60 12
588 2586 288 60 juin
768 2586 324 60 1777.
984 2586 180 60 1
1056 2586 216 60 p.
1164 2586 324 60 in-4.
1380 2586 180 60 5
1416 2586 108 60 »

184 2632 246 61 Demande
363 2632 157 61 des
452 2632 202 61 2,400
587 2632 157 61 fr.
677 2632 224 61 portés
833 2632 157 61 sur
923 2632 157 61 son
1013 2632 269 61 contrat,
1214 2632 202 61 ayant
1326 2632 202 61 dépensé

136 2674 217 89 10,000
288 2674 217 89 livres
440 2674 174 89 lors
549 2674 130 89 de
614 2674 152 89 son
700 2674 260 89 mariage,
896 2674 174 89 pour
1004 2674 239 89 bijoux,
1178 2674 260 89 meubles,
1351 2674 174 89 habil-

134 2729 258 84 lements,
307 2729 129 84 etc.
