1552 2943
644 78 186 95 —
718 78 260 95 409
830 78 111 95 —

78 169 200 100 4948.
211 169 312 100 Cassini
456 169 134 100 de
523 169 289 100 Thury
745 169 223 100 membre
901 169 134 100 de
968 169 312 100 l’Académie
1213 169 156 100 des
1279 169 245 100 sciences,

125 237 289 90 directeur
347 237 133 90 de
414 237 422 90 l’Observatoire.
769 237 244 90 Mémoire
947 237 156 90 sur
1036 237 133 90 le
1103 237 200 90 degré
1236 237 133 90 de
1281 237 244 90 précision

127 302 152 71 que
214 302 174 71 l’on
323 302 174 71 doit
431 302 260 71 attendre
626 302 152 71 des
713 302 325 71 instruments
974 302 130 71 de
1039 302 391 71 l’Observatoire
1342 302 174 71 royal.

86 341 313 67 4
211 341 375 67 p.
398 341 563 67 petit
773 341 688 67 in-fol.
1273 341 313 67 6
1336 341 188 67 »

78 375 188 85 4949.
203 375 459 85 Chamillart,
599 375 250 85 ministre
787 375 125 85 de
850 375 188 85 Louis
975 375 167 85 XIV.
1079 375 125 85 L.
1142 375 167 85 aut.
1246 375 188 85 sig.,
1371 375 104 85 à
1392 375 125 85 M...

114 429 156 78 8
176 429 344 78 janvier
426 429 281 78 1708.
614 429 156 78 2
676 429 188 78 p.
770 429 281 78 in-4.
958 429 531 78 Intéressante.
1395 429 156 78 5
1426 429 94 78 »

74 476 188 75 4950.
200 476 419 75 Champfort
556 476 440 75 (Séb.-R.-Nicolas,
933 476 188 75 dit),
1058 476 188 75 poëte
1184 476 126 75 et
1226 476 293 75 littérateur.

122 530 138 67 L.
191 530 207 67 aut.,
329 530 115 67 à
375 530 138 67 M.
444 530 276 67 Antoine,
650 530 322 67 sculpteur.
903 530 230 67 Paris,
1064 530 115 67 1
1110 530 138 67 p.
1179 530 161 67 pl.
1270 530 207 67 in-4.
1408 530 115 67 7
1431 530 92 67 50

172 571 129 77 Il
236 571 150 77 lui
322 571 193 77 donne
450 571 129 77 un
514 571 321 77 rendez-vous
771 571 171 77 chez
878 571 150 77 Mme
964 571 257 77 Vestris,
1157 571 171 77 avec
1264 571 257 77 laquelle
1435 571 86 77 il

121 623 181 76 doit
234 623 226 76 dîner.
392 623 181 76 Dans
505 623 136 76 le
573 623 158 76 cas
664 623 136 76 où
731 623 136 76 sa
799 623 226 76 lettre
957 623 361 76 parviendrait
1251 623 181 76 trop
1364 623 181 76 tard
1454 623 68 76 à

122 672 127 82 M.
185 672 254 82 Antoine,
376 672 127 82 il
440 672 127 82 le
503 672 169 82 prie
609 672 127 82 de
673 672 148 82 lui
757 672 254 82 répondre
948 672 169 82 chez
1054 672 148 82 Mme
1139 672 254 82 Vestris,
1308 672 212 82 «attendu

120 724 177 50 «que
231 724 133 50 je
297 724 177 50 sors
408 724 133 50 et
475 724 133 50 ne
541 724 288 50 rentrerai
763 724 155 50 pas
852 724 177 50 chez
941 724 155 50 moi.»

70 765 186 62 4951.
194 765 290 62 Charles
422 765 227 62 IX
587 765 145 62 roi
670 765 124 62 de
732 765 227 62 France.
898 765 124 62 L.
960 765 186 62 sig.,
1084 765 124 62 «A
1146 765 145 62 nos
1228 765 186 62 chers
1353 765 124 62 et
1394 765 124 62 bien

119 826 234 58 «amez,
282 826 163 58 les
376 826 327 58 conseillez
632 826 140 58 de
703 826 210 58 notre
843 826 210 58 ville
983 826 140 58 de
1053 826 234 58 Lvon.»
1216 826 234 58 Paris,
1380 826 117 58 9
1403 826 117 58 mai

82 865 461 61 1568.
389 865 256 61 1
492 865 359 61 gr.
696 865 307 61 p.
850 865 563 61 in-fol.
1260 865 307 61 10
1362 865 154 61 »

168 908 127 67 Au
231 908 190 67 sujet
358 908 127 67 de
421 908 254 67 l’église
612 908 127 67 de
675 908 296 67 Saint-Jean
907 908 127 67 de
971 908 127 67 la
1034 908 190 67 ville
1161 908 127 67 de
1203 908 148 67 Lyon.

72 952 183 65 4952.
194 952 285 65 Charles
417 952 183 65 X
540 952 142 65 roi
621 952 122 65 de
682 952 224 65 France.
845 952 163 65 Cinq
946 952 224 65 petites
1109 952 203 65 lignes
1252 952 122 65 a.
1313 952 122 65 s.
1374 952 122 65 au
1414 952 102 65 bas

114 1011 207 61 d’une
252 1011 253 61 demande
436 1011 138 61 de
505 1011 276 61 pension.
712 1011 138 61 18
781 1011 184 61 mars
897 1011 207 61 1782.
1035 1011 115 61 1
1081 1011 138 61 g.
1150 1011 138 61 p.
1219 1011 253 61 in-fol.
1403 1011 115 61 2
1426 1011 92 61 50

67 1059 198 58 4953.
199 1059 307 58 Charles
440 1059 241 58 VI
616 1059 241 58 d’abord
792 1059 154 58 roi
879 1059 307 58 d’Espagne,
1121 1059 176 58 puis
1231 1059 263 58 empereur
1406 1059 110 58 des

116 1104 240 53 Romains,
296 1104 120 53 et
356 1104 160 53 père
456 1104 120 53 de
516 1104 120 53 la
576 1104 200 53 grande
716 1104 360 53 Marie-Thérèse.
1016 1104 120 53 Sa
1076 1104 280 53 signature:
1276 1104 240 53 Ca

117 1154 315 58 rolus
377 1154 111 58 et
433 1154 111 58 le
488 1154 130 58 mot
562 1154 315 58 placet
822 1154 111 58 en
878 1154 167 58 marge
989 1154 148 58 d’un
1082 1154 204 58 mémoire
1230 1154 93 58 à
1267 1154 130 58 lui
1323 1154 185 58 adressé.

106 1200 329 58 Vienne,
346 1200 150 58 9
405 1200 359 58 décembre
675 1200 269 58 1732.
854 1200 150 58 3
914 1200 210 58 gr.
1034 1200 180 58 p.
1124 1200 329 58 in-fol.
1363 1200 150 58 7
1393 1200 120 58 50

68 1239 183 67 4954.
190 1239 285 67 Charles
414 1239 224 67 II,
577 1239 143 67 roi
659 1239 285 67 d’Espagne.
883 1239 163 67 Cinq
985 1239 204 67 lignes
1128 1239 163 67 aut.
1230 1239 265 67 (décret),
1413 1239 102 67 sur

113 1301 133 49 un
179 1301 245 49 rapport
357 1301 133 49 de
424 1301 133 49 la
491 1301 311 49 commission
736 1301 289 49 maritime,
958 1301 133 49 au
1025 1301 200 49 sujet
1158 1301 133 49 de
1225 1301 133 49 la
1269 1301 245 49 construc-

114 1346 196 48 tion
236 1346 147 48 de
310 1346 294 48 certains
530 1346 294 48 navires.
751 1346 147 48 18
824 1346 172 48 mai
922 1346 221 48 1677.
1069 1346 123 48 6
1118 1346 147 48 p.
1192 1346 270 48 in-fol.
1388 1346 147 48 12
1437 1346 74 48 »

65 1394 183 62 4955.
186 1394 406 62 Chatelain
531 1394 243 62 (J.-F.),
714 1394 304 62 publiciste,
957 1394 203 62 auteur
1099 1394 304 62 dramatique,
1322 1394 183 62 rédact.

114 1441 116 61 du
172 1441 232 61 Courrier
346 1441 252 61 Français.
540 1441 194 61 Mon
675 1441 252 61 goût
869 1441 213 61 chanson
1024 1441 116 61 a.
1082 1441 116 61 s.
1140 1441 97 61 2
1179 1441 116 61 p.
1237 1441 136 61 pl.
1314 1441 174 61 in-8.
1431 1441 97 61 3
1450 1441 58 61 »

64 1487 193 75 4956.
192 1487 409 75 Chaulieu
536 1487 151 75 (G.
623 1487 237 75 Amfrie,
795 1487 172 75 abbé
902 1487 172 75 de),
1010 1487 215 75 poëte,
1160 1487 151 75 ami
1246 1487 129 75 de
1311 1487 129 75 La
1354 1487 151 75 Fare.

114 1538 130 49 L.
179 1538 195 49 aut.,
310 1538 174 49 sig.
418 1538 152 49 par
505 1538 130 49 le
570 1538 152 49 duc
657 1538 130 49 de
722 1538 239 49 Vendôme
895 1538 108 49 à
939 1538 130 49 M.
1004 1538 130 49 le
1069 1538 195 49 Bret.
1199 1538 195 49 Anet,
1329 1538 108 49 8
1351 1538 152 49 sept.

81 1579 246 66 1
179 1579 296 66 p.
327 1579 345 66 pl.
524 1579 296 66 et
672 1579 443 66 demie
967 1579 443 66 in-4.
1263 1579 246 66 7
1312 1579 197 66 50

159 1630 126 62 Au
222 1630 189 62 sujet
348 1630 126 62 de
412 1630 126 62 la
475 1630 232 62 demande
643 1630 189 62 qu’il
769 1630 105 62 a
811 1630 189 62 faite
938 1630 126 62 au
1001 1630 147 62 roi
1085 1630 126 62 de
1148 1630 126 62 la
1211 1630 295 62 permission
1422 1630 84 62 de

111 1683 196 57 faire
242 1683 196 57 bâtir
373 1683 131 57 un
438 1683 174 57 pont
547 1683 153 57 sur
634 1683 131 57 la
700 1683 262 57 Durance,
896 1683 131 57 et
961 1683 131 57 le
1027 1683 153 57 don
1114 1683 153 57 des
1201 1683 218 57 péages
1353 1683 153 57 qui
1419 1683 87 57 se

78 1730 304 59 percevront.

59 1749 194 97 4957.
189 1749 409 97 Chélart,
533 1749 344 97 compositeur.
813 1749 129 97 L.
878 1749 172 97 aut.
985 1749 194 97 sig.,
1114 1749 108 97 à
1158 1749 237 97 Wilhem.
1308 1749 194 97 Munich,

94 1822 206 63 20
197 1822 275 63 mars
368 1822 309 63 1832.
575 1822 172 63 3
643 1822 206 63 p.
746 1822 240 63 pl.
884 1822 206 63 et
987 1822 309 63 demie
1193 1822 275 63 in-8
1365 1822 172 63 6
1399 1822 103 63 »

153 1870 172 62 Très
260 1870 344 62 intéressante
539 1870 215 62 lettre
690 1870 280 62 musicale.
905 1870 409 62 Représentations
1249 1870 129 62 de
1314 1870 151 62 son
1378 1870 129 62 opé-

112 1916 146 71 rette,
200 1916 291 71 l'Etudiant

57 1937 194 84 4958.
187 1937 431 84 Chérubini
553 1937 172 84 (Mme
661 1937 259 84 Cécile),
855 1937 194 84 femme
985 1937 129 84 du
1049 1937 345 84 compositeur.
1330 1937 129 84 L.
1373 1937 129 84 aut.

102 2021 233 52 sig.,
258 2021 130 52 à
309 2021 156 52 M.
387 2021 285 52 Wilhem.
595 2021 233 52 Jeudi
750 2021 181 52 17.
854 2021 130 52 2
906 2021 156 52 p.
984 2021 233 52 in-8.
1139 2021 337 52 Curieuse.
1398 2021 130 52 2
1424 2021 78 52 »

57 2056 169 65 4959.
170 2056 376 65 Cicogaara
490 2056 132 65 (le
565 2056 169 65 comte
678 2056 244 65 Léopold),
866 2056 188 65 auteur
997 2056 113 65 de
1054 2056 320 65 l'Histoire
1317 2056 113 65 de
1355 2056 150 65 la

103 2105 307 55 sculpture
352 2105 115 55 en
410 2105 288 55 Italie
640 2105 115 55 L.
698 2105 154 55 aut.
794 2105 154 55 sig.
890 2105 134 55 (en
967 2105 250 55 italien),
1159 2105 96 55 à
1197 2105 192 55 l’abbé
1312 2105 192 55 Melchior

96 2155 409 56 Missirini,
417 2155 146 56 à
476 2155 380 56 Florence.
768 2155 263 56 1833.
944 2155 146 56 1
1002 2155 175 56 p.
1090 2155 205 56 pl.
1207 2155 263 56 in-4.
1382 2155 146 56 3
1411 2155 88 56 »

56 2197 169 74 4960.
169 2197 300 74 Cinti
413 2197 150 74 (Mme
507 2197 263 74 Damoreau),
713 2197 131 74 née
788 2197 319 74 Laure-Cinthie
1051 2197 394 74 Montalant
1371 2197 131 74 célè-

104 2245 147 64 bre
188 2245 316 64 cantatrice.
441 2245 126 64 L.
504 2245 168 64 aut.
609 2245 190 64 sig.,
736 2245 105 64 à
778 2245 126 64 M.
841 2245 211 64 Piron.
989 2245 274 64 Bordeaux,
1199 2245 105 64 2
1241 2245 190 64 avril
1347 2245 147 64 1833.

90 2302 168 55 1
158 2302 201 55 p.
258 2302 235 55 pl.
392 2302 201 55 et
493 2302 302 55 demie
694 2302 302 55 in-8.
895 2302 302 55 Jolie
1096 2302 369 55 lettre.
1364 2302 168 55 3
1397 2302 101 55 »

56 2332 172 75 4961.
171 2332 326 75 Collé,
439 2332 191 75 auteur
573 2332 230 75 dramat.,
745 2332 306 75 chansonnier.
994 2332 191 75 Quitt.
1128 2332 153 75 sig.
1224 2332 153 75 (sur
1301 2332 191 75 parch.).

93 2392 320 61 Paris,
317 2392 160 61 2
381 2392 352 61 janvier
637 2392 256 61 1779
797 2392 256 61 in-8
957 2392 192 61 en
1053 2392 384 61 travers.
1341 2392 160 61 3
1373 2392 128 61 50

51 2439 213 63 4962.
194 2439 712 63 ollin-d’Harleville,
834 2439 213 63 poëte
976 2439 356 63 dramatique,
1261 2439 237 63 membre
1403 2439 95 63 de

100 2489 333 56 l’Institut.
366 2489 133 56 L.
433 2489 178 56 aut.
544 2489 200 56 sig.,
677 2489 111 56 à
721 2489 155 56 son
810 2489 222 56 ami...
965 2489 266 56 Mevoisin
1165 2489 155 56 par
1232 2489 266 56 Maintenon,

70 2534 247 67 7
168 2534 395 67 déc.
415 2534 444 67 1789.
711 2534 247 67 2
810 2534 296 67 p.
958 2534 444 67 in-4.
1254 2534 247 67 7
1304 2534 197 67 50

150 2587 164 58 Jolie
259 2587 183 58 lettre
387 2587 274 58 littéraire.
606 2587 110 58 Il
661 2587 201 58 consent
807 2587 256 58 volontiers
1008 2587 110 58 de
1063 2587 201 58 traiter
1209 2587 128 58 des
1264 2587 237 58 châ

101 2633 233 54 teaux
276 2633 117 54 en
334 2633 292 54 Espagne
567 2633 156 54 avec
665 2633 117 54 la
723 2633 214 54 comédie
879 2633 117 54 et
937 2633 175 54 voici
1054 2633 136 54 ses
1131 2633 331 54 propositions:
1384 2633 117 54 Cent

100 2680 191 71 louis
227 2680 149 71 une
312 2680 170 71 fois
418 2680 212 71 pavés,
567 2680 127 71 ou
631 2680 191 71 douze
758 2680 425 71 représentations.
1119 2680 127 71 Il
1183 2680 255 71 aimerait
1352 2680 149 71 mieux

101 2726 120 56 la
161 2726 180 56 somme
281 2726 180 56 fixe.
401 2726 440 56 L'Optimisme
780 2726 100 56 a
820 2726 120 56 eu
880 2726 200 56 trente
1000 2726 400 56 représentations...

47 2763 207 92 4963.
185 2763 368 92 Colloredo
484 2763 391 92 Rodolphe,
807 2763 207 92 comte
945 2763 138 92 de
1014 2763 253 92 Walsée,
1198 2763 276 92 maréchal
1382 2763 115 92 gé
