1684 3001
646 94 179 86 —
682 94 179 86 444

122 183 228 73 semble
282 183 160 73 des
373 183 388 73 connaissances
693 183 160 73 que
784 183 183 73 doit
899 183 274 73 posséder
1104 183 137 73 le
1173 183 274 73 Dauphin.
1355 183 183 73 Manus-

108 246 285 58 crit
287 246 285 58 aut.
465 246 214 58 10
572 246 214 58 p.
679 246 250 58 pl.
822 246 214 58 et
929 246 321 58 quart
1143 246 321 58 in-8.
1357 246 214 58 22
1428 246 107 58 »

73 284 194 95 4983.
203 284 366 95 Fleury
504 284 409 95 (André-Hercule,
848 284 258 95 cardinal
1041 284 172 95 de),
1149 284 215 95 évêque
1299 284 129 95 de
1342 284 194 95 Fréjus,

123 346 289 72 ministre.
345 346 134 72 1°
412 346 134 72 L.
479 346 178 72 aut.
590 346 200 72 sig.,
724 346 111 72 à
768 346 134 72 M.
835 346 134 72 de
902 346 312 72 Lamoignon.
1147 346 245 72 Fréjus,
1325 346 134 72 18
1369 346 156 72 mars.

124 389 104 69 3
166 389 124 69 p.
228 389 145 69 pl.
311 389 187 69 in-4.
435 389 187 69 Belle
560 389 228 69 lettre.
725 389 104 69 —
767 389 124 69 2°
829 389 311 69 Déclaration
1078 389 166 69 sig.
1182 389 124 69 de
1244 389 145 69 ses
1306 389 228 69 héritiers

122 439 134 66 de
189 439 224 66 Rosset
345 439 134 66 de
413 439 291 66 Fleury...
637 439 224 66 Paris,
793 439 134 66 18
860 439 179 66 mars
972 439 201 66 1743.
1107 439 246 66 Demi-p.
1286 439 201 66 in-4.
1420 439 112 66 7
1442 439 90 66 50

77 491 193 79 4984.
205 491 450 79 Fonéenelle
591 491 150 79 (Le
677 491 214 79 Bouyer
827 491 171 79 de),
934 491 257 79 écrivain
1127 491 257 79 célèbre,
1320 491 214 79 membre
1448 491 86 79 de

122 543 309 67 l’Académie
364 543 309 67 française.
607 543 132 67 L.
673 543 198 67 aut.,
805 543 110 67 à
850 543 220 67 madame
1004 543 132 67 la
1070 543 265 67 marquise
1268 543 132 67 de
1313 543 220 67 Lambert,

121 595 120 62 à
169 595 359 62 Saint-Bris,
456 595 120 62 à
504 595 287 62 Auxerre.
719 595 144 62 21
791 595 191 62 nov.
911 595 120 62 3
959 595 144 62 p.
1030 595 168 62 pl.
1126 595 215 62 petit
1270 595 215 62 in-4.
1413 595 144 62 32
1461 595 72 62 »

170 637 254 64 Aimable
355 637 254 64 lettre.
540 637 231 64 «Voici
702 637 139 64 la
771 637 162 64 fin
864 637 139 64 de
933 637 301 64 novembre,
1164 637 254 64 madame,
1349 637 139 64 et
1395 637 139 64 uous

122 691 159 65 «ne
213 691 205 65 uenés
350 691 273 65 point...
555 691 319 65 l’aimerois
805 691 205 65 mieux
941 691 296 65 m’enyurer
1169 691 182 65 tous
1283 691 159 65 les
1351 691 182 65 mardis

121 729 159 71 «de
212 729 137 71 ce
281 729 250 71 furieux
463 729 159 71 vin
554 729 182 71 dont
667 729 182 71 uous
781 729 250 71 parlés,
963 729 137 71 et
1031 729 228 71 tomber
1191 729 182 71 sous
1304 729 137 71 la
1350 729 182 71 table.

123 782 210 60 «Uoyés
270 782 105 60 à
312 782 168 60 quel
417 782 168 60 prix
523 782 336 60 i’acheterois
796 782 189 60 uotre
922 782 231 60 retour.
1090 782 126 60 Si
1153 782 126 60 ce
1217 782 189 60 n’est
1343 782 126 60 là
1406 782 126 60 de
1448 782 84 60 la

122 832 308 61 «tendresse
364 832 132 61 ie
430 832 132 61 ne
497 832 154 61 m’y
585 832 242 61 connois
761 832 264 61 point...
959 832 220 61 N’ayés
1113 832 198 61 point
1246 832 176 61 peur
1356 832 154 61 que
1422 832 110 61 mon

123 874 192 61 «Iris
251 874 192 61 n’ait
379 874 171 61 trop
486 874 128 61 de
550 874 171 61 part
656 874 107 61 à
699 874 149 61 mes
785 874 320 61 sentiments,
1041 874 171 61 elle
1148 874 149 61 m'a
1233 874 192 61 écrit
1361 874 171 61 deux
1447 874 85 61 ou

122 927 212 67 «trois
270 927 212 67 petits
419 927 170 67 mots
525 927 170 67 secs
631 927 170 67 dont
737 927 127 67 ie
801 927 127 67 ne
864 927 170 67 suis
970 927 149 67 pas
1055 927 170 67 bien
1161 927 255 67 content.
1352 927 170 67 Non,
1437 927 85 67 ce

121 974 239 69 «n’est
288 974 167 69 pas
384 974 143 69 là
456 974 215 69 comme
599 974 143 69 on
671 974 263 69 aime...
862 974 143 69 Je
934 974 167 69 lui
1030 974 263 69 cherche
1221 974 167 69 des
1293 974 239 69 excuses,

122 1020 230 67 «comme
283 1020 184 67 font
398 1020 276 67 toujours
605 1020 161 67 les
697 1020 253 67 pauvres
882 1020 230 67 amants
1020 1020 322 67 parfaits...»

74 1080 164 55 4985
177 1080 349 55 Forger
464 1080 226 55 (Jean),
628 1080 185 55 comte
751 1080 123 55 de
813 1080 226 55 Pollet,
977 1080 164 55 l’un
1080 1080 144 55 des
1162 1080 164 55 plus
1264 1080 246 55 célèbres
1428 1080 103 55 mi

122 1118 235 67 nistres
292 1118 128 67 de
356 1118 299 67 l’empereur
591 1118 235 67 Léopold
761 1118 171 67 Ier,
868 1118 299 67 gouverneur
1103 1118 299 67 d’Autriche
1337 1118 128 67 en
1380 1118 149 67 1687.

122 1167 153 67 L.
199 1167 204 67 aut.
327 1167 204 67 sig.
454 1167 179 67 (en
556 1167 357 67 allemand).
837 1167 230 67 1680.
990 1167 128 67 2
1041 1167 179 67 gr.
1143 1167 153 67 p.
1220 1167 281 67 in-fol.
1424 1167 128 67 5
1449 1167 77 67 »

74 1210 184 79 4986.
197 1210 349 79 Fouché
484 1210 267 79 (Joseph),
689 1210 369 79 conventionnel,
996 1210 246 79 ministre
1181 1210 123 79 de
1242 1210 123 79 la
1304 1210 205 79 police
1427 1210 103 79 gé

123 1275 241 59 nérale.
299 1275 154 59 Six
386 1275 241 59 lettres
562 1275 197 59 sig.,
693 1275 197 59 comme
825 1275 263 59 ministre
1022 1275 132 59 de
1088 1275 132 59 la
1154 1275 219 59 police
1286 1275 241 59 générale,

123 1318 291 67 adressées
346 1318 134 67 au
413 1318 268 67 ministre
615 1318 134 67 de
682 1318 134 67 la
749 1318 246 67 guerre,
928 1318 134 67 du
995 1318 112 67 4
1040 1318 134 67 au
1107 1318 134 67 19
1174 1318 224 67 nivôse
1331 1318 134 67 an
1375 1318 157 67 VIII.

117 1368 391 55 Ensemble,
418 1368 180 55 14
508 1368 180 55 p.
598 1368 271 55 in-4.
778 1368 241 55 Tête
929 1368 241 55 impr
1079 1368 391 55 Vignette.
1380 1368 180 55 12
1440 1368 90 55 »

170 1418 461 68 Très-intéressante
565 1418 395 68 correspondance
894 1418 132 68 au
960 1418 197 68 sujet
1091 1418 132 68 de
1157 1418 132 68 la
1223 1418 219 68 guerre
1355 1418 175 68 civile

124 1455 161 77 dans
225 1455 121 77 la
285 1455 222 77 Vendée,
446 1455 141 77 les
527 1455 323 77 assassinats,
789 1455 121 77 le
850 1455 222 77 pillage
1011 1455 161 77 dont
1112 1455 141 77 les
1192 1455 242 77 rebelles
1374 1455 121 77 se
1414 1455 121 77 ren-

121 1512 176 84 dent
231 1512 308 84 coupables;
473 1512 352 84 l’enrôlement
759 1512 154 84 des
848 1512 374 84 réfractaires,
1156 1512 154 84 les
1244 1512 264 84 attaques
1420 1512 110 84 des

122 1556 224 74 Anglais
284 1556 142 74 sur
366 1556 142 74 les
447 1556 203 74 côtes,
589 1556 183 74 etc.,
691 1556 122 74 etc.

76 1576 182 100 4987.
197 1576 303 100 François
440 1576 243 100 Ier,
622 1576 142 100 roi
703 1576 121 100 de
763 1576 222 100 France.
925 1576 182 100 Pièce
1047 1576 162 100 sig.
1148 1576 162 100 (sur
1249 1576 243 100 parch.).
1411 1576 121 100 Man-

110 1657 283 77 tes,
287 1657 213 77 26
393 1657 319 77 sept.
606 1657 319 77 1540,
818 1657 390 77 in-fol.
1102 1657 390 77 oblong.
1385 1657 177 77 6
1421 1657 106 77 »

168 1707 224 64 Ordre
317 1707 149 64 de
392 1707 224 64 payer
541 1707 298 64 comptant
764 1707 149 64 la
839 1707 224 64 somme
988 1707 149 64 de
1062 1707 199 64 deux
1186 1707 224 64 cents
1335 1707 224 64 écus;
1460 1707 75 64 à

123 1746 235 70 prendre
294 1746 150 70 sur
379 1746 128 70 la
443 1746 192 70 vente
571 1746 128 70 de
635 1746 256 70 l’office
828 1746 128 70 de
892 1746 235 70 sergent
1063 1746 107 70 à
1106 1746 235 70 cheval,
1277 1746 128 70 en
1341 1746 150 70 ses
1405 1746 128 70 cha-

123 1802 214 64 pelles
272 1802 128 64 de
337 1802 214 64 Paris,
487 1802 214 64 vacant
636 1802 150 64 par
722 1802 128 64 le
786 1802 214 64 trépas
936 1802 128 64 de
1001 1802 150 64 feu
1086 1802 214 64 Hievre
1236 1802 128 64 de
1279 1802 214 64 Chaulne.

71 1852 212 62 4988.
213 1852 353 62 François
495 1852 141 62 de
566 1852 448 62 Neufchâteau
943 1852 165 62 (le
1037 1852 259 62 comte),
1226 1852 236 62 poëte,
1367 1852 165 62 séna

125 1912 198 56 teur,
257 1912 198 56 etc.,
389 1912 220 56 membre
542 1912 132 56 de
608 1912 308 56 l’Académie
850 1912 308 56 française.
1092 1912 132 56 L.
1158 1912 176 56 aut.
1267 1912 198 56 sig.,
1377 1912 154 56 comme

125 1953 273 69 président
335 1953 126 69 de
398 1953 126 69 la
461 1953 231 69 société
629 1953 357 69 d’agriculture
923 1953 126 69 de
986 1953 126 69 la
1049 1953 210 69 Seine,
1196 1953 105 69 à
1238 1953 126 69 M.
1301 1953 210 69 Harel.
1427 1953 105 69 Pa-

111 1997 308 80 ris,
303 1997 192 80 5
380 1997 308 80 oct.
572 1997 346 80 1811.
803 1997 192 80 1
879 1997 231 80 p.
995 1997 269 80 pl.
1149 1997 346 80 in-4.
1379 1997 192 80 6
1418 1997 115 80 »

173 2053 132 61 Au
239 2053 198 61 sujet
371 2053 198 61 d’une
503 2053 308 61 découverte
745 2053 352 61 intéressante
1030 2053 198 61 faite
1162 2053 154 61 par
1250 2053 220 61 madame
1382 2053 154 61 Chau-

127 2095 173 60 veau
236 2095 130 60 de
300 2095 130 60 la
365 2095 260 60 Miltière
560 2095 151 60 sur
646 2095 130 60 la
711 2095 238 60 manière
884 2095 130 60 de
949 2095 281 60 préparer,
1165 2095 173 60 avec
1274 2095 130 60 la
1338 2095 195 60 pomme
1447 2095 87 60 de

130 2143 203 57 terre,
272 2143 142 57 des
353 2143 183 57 pâtes
475 2143 305 57 différentes
719 2143 122 57 de
780 2143 122 57 la
842 2143 224 57 fécule,
1004 2143 122 57 et
1065 2143 244 57 beaucoup
1228 2143 305 57 meilleures...

127 2189 124 62 Il
189 2189 288 62 désirerait
416 2189 247 62 qu’elles
601 2189 226 62 fussent
766 2189 247 62 essayées
951 2189 165 62 dans
1054 2189 144 62 ses
1115 2189 268 62 appareils..

80 2239 180 59 4989.
200 2239 339 59 Fréret
479 2239 279 59 (Nicolas),
699 2239 359 59 chronologiste,
998 2239 279 59 géographe,
1218 2239 299 59 philologue,
1437 2239 100 59 se

120 2288 262 62 crétaire
316 2288 283 62 perpétuel
534 2288 131 62 de
600 2288 305 62 l’Académie
840 2288 153 62 des
927 2288 371 62 inscriptions,
1232 2288 174 62 etc.
1341 2288 131 62 1°
1384 2288 153 62 Jour-

126 2337 156 56 nal
215 2337 134 56 et
282 2337 290 56 brouillon
505 2337 156 56 des
594 2337 357 56 observations
884 2337 245 56 pendant
1063 2337 134 56 le
1129 2337 223 56 voyage
1286 2337 134 56 du
1330 2337 201 56 Levant.

126 2386 176 62 1693
236 2386 132 62 et
302 2386 198 62 1694.
434 2386 176 62 Aut.
545 2386 110 62 4
589 2386 154 62 gr.
677 2386 132 62 p.
743 2386 242 62 in-fol.
919 2386 110 62 —
963 2386 132 62 20
1029 2386 198 62 Carte
1161 2386 176 62 aut.
1272 2386 154 62 des
1338 2386 198 62 distan-

124 2433 159 51 ces
215 2433 159 51 des
306 2433 228 51 divers
466 2433 182 51 caps
579 2433 137 51 de
648 2433 228 51 Chypre
807 2433 159 51 aux
898 2433 205 51 côtes
1034 2433 137 51 de
1103 2433 228 51 l’Asie
1262 2433 273 51 mineure,
1444 2433 91 51 de

95 2483 448 60 Syrie
394 2483 299 60 et
543 2483 647 60 d’Egypte,
1041 2483 448 60 in-4.
1339 2483 249 60 6
1389 2483 149 60 »

77 2539 205 52 4990.
214 2539 342 52 Froullay
487 2539 137 52 de
556 2539 296 52 Tessé
784 2539 296 52 (Ch.-L.),
1012 2539 205 52 comte
1149 2539 137 52 de
1217 2539 182 52 Lyon
1331 2539 137 52 et
1376 2539 160 52 aumô

131 2577 168 63 nier
236 2577 126 63 du
299 2577 168 63 roi,
404 2577 189 63 etc.,
530 2577 210 63 évêque
677 2577 126 63 du
740 2577 189 63 Mans.
866 2577 126 63 L.
929 2577 168 63 aut.
1034 2577 189 63 sig.,
1160 2577 105 63 à
1202 2577 147 63 Son
1265 2577 273 63 Eminence...

111 2630 238 59 Au
230 2630 357 59 Mans,
468 2630 198 59 6
548 2630 278 59 mai
706 2630 357 59 1739.
944 2630 198 59 4
1023 2630 238 59 p.
1142 2630 357 59 in-4.
1380 2630 198 59 5
1420 2630 119 59 »

83 2668 177 63 4991.
201 2668 373 63 Gallais,
515 2668 275 63 historien.
731 2668 118 63 L.
790 2668 157 63 aut.
888 2668 177 63 sig.,
1006 2668 98 63 à
1045 2668 118 63 M.
1104 2668 118 63 L.
1163 2668 294 63 Reveillère,
1399 2668 98 63 à
1418 2668 118 63 Nan-

132 2724 176 58 tes.
242 2724 132 58 29
308 2724 242 58 janvier
484 2724 198 58 1818.
616 2724 110 58 2
660 2724 154 58 gr.
748 2724 132 58 p.
814 2724 154 58 pl.
902 2724 132 58 et
968 2724 198 58 demie
1100 2724 198 58 in-4.
1232 2724 286 58 Curieuse.
1452 2724 110 58 4
1474 2724 66 58 »

84 2770 192 59 4992.
212 2770 364 59 Garcia
511 2770 235 59 (madame
682 2770 278 59 Eugénie),
896 2770 321 59 cantatrice,
1153 2770 299 59 belle-sœur
1388 2770 128 59 de
1431 2770 107 59 ma
