1735 3040
680 83 184 87 —
754 83 258 87 412
864 83 111 87 —

156 160 180 78 dame
268 160 292 78 Malibran.
493 160 135 78 L.
560 160 180 78 aut.
672 160 202 78 sig.,
807 160 112 78 à
852 160 135 78 M.
920 160 270 78 François
1122 160 247 78 Collet.
1302 160 180 78 Sans
1392 160 157 78 date.

85 229 460 64 2
269 229 552 64 p.
545 229 829 64 in-8.
1098 229 460 64 3
1190 229 368 64 50

112 283 181 62 4993.
232 283 381 62 Garneray
553 283 241 62 (Louis),
734 283 221 62 peintre
895 283 120 62 de
955 283 221 62 marine.
1115 283 120 62 L.
1176 283 161 62 aut.
1276 283 181 62 sig.,
1396 283 100 62 à
1437 283 120 62 M.
1477 283 80 62 le

116 331 626 57 duc...
555 331 313 57 1
680 331 376 57 p.
867 331 563 57 in-4.
1243 331 313 57 3
1306 331 250 57 50

203 376 218 63 Projet
356 376 131 63 de
421 376 240 63 refaire
596 376 153 63 les
683 376 262 63 tableaux
879 376 153 63 des
966 376 196 63 ports
1097 376 131 63 de
1163 376 218 63 France
1315 376 131 63 de
1359 376 196 63 Vernet,

157 426 158 66 les
248 426 338 66 changements
518 426 270 66 survenus
721 426 135 66 ne
789 426 158 66 les
879 426 248 66 rendant
1059 426 180 66 plus
1149 426 406 66 reconnaissables,

159 483 122 55 et
220 483 122 55 de
281 483 142 55 les
362 483 203 55 graver
504 483 224 55 ensuite
667 483 102 55 à
688 483 264 55 l’aquatinta

111 516 167 70 4994.
223 516 352 70 Garnerin
519 516 222 70 (Élisa),
685 516 111 70 et
741 516 352 70 Garnerin
1037 516 167 70 aîné,
1148 516 130 70 son
1222 516 167 70 père,
1314 516 241 70 aéronautes.

206 570 242 72 GARNERIN
387 570 242 72 (Elisa).
569 570 202 72 Billet
710 570 161 72 aut.
810 570 161 72 sig.
911 570 101 72 1
951 570 121 72 p.
992 570 161 72 in

205 614 261 68 GARNERIN
401 614 196 68 ainé.
532 614 131 68 L.
597 614 174 68 aut.
706 614 196 68 sig.,
837 614 196 68 signé
967 614 196 68 aussi
1098 614 152 68 par
1185 614 131 68 sa
1250 614 218 68 fille.
1381 614 174 68 Paris,

155 661 125 78 3
205 661 200 78 août
330 661 225 78 1822.
480 661 125 78 4
530 661 175 78 gr.
630 661 150 78 p.
705 661 175 78 pl.
805 661 275 78 in-fol.
1006 661 175 78 Les
1106 661 200 78 deux
1231 661 300 78 lettres.
1456 661 125 78 9
1481 661 75 78 »

205 710 233 67 Projet
368 710 140 67 de
438 710 233 67 donner
601 710 163 67 des
694 710 256 67 courses
880 710 140 67 de
950 710 256 67 chevaux
1137 710 140 67 au
1183 710 373 67 Champ

157 765 165 71 avec
260 765 144 71 des
343 765 226 71 courses
507 765 123 71 de
569 765 165 71 char
672 765 123 71 et
733 765 226 71 autres,
898 765 123 71 et
960 765 206 71 projet
1104 765 123 71 de
1165 765 288 71 spectacles
1371 765 185 71 d’agri-

157 810 239 61 culture
331 810 174 61 pour
439 810 152 61 les
526 810 369 61 départements,
808 810 109 61 etc

115 838 155 87 4995.
218 838 309 87 Gence,
476 838 275 87 littérateur,
699 838 241 87 traducteur
888 838 103 87 de
939 838 309 87 l'Imitation
1197 838 103 87 de
1232 838 326 87 Jésus

162 907 121 72 L.
222 907 121 72 a.
283 907 142 72 s.,
364 907 101 72 à
404 907 121 72 M.
465 907 283 72 Villenave.
688 907 202 72 Paris,
829 907 121 72 27
890 907 222 72 janvier
1051 907 182 72 1814.
1173 907 101 72 3
1213 907 142 72 gr.
1294 907 121 72 p.
1355 907 182 72 in-4.
1476 907 101 72 9
1496 907 61 72 »

210 952 214 51 Lettre
360 952 343 51 intéressante
638 952 129 51 au
702 952 193 51 sujet
831 952 129 51 de
895 952 129 51 la
959 952 321 51 publication
1216 952 150 51 des
1302 952 257 51 ouvrages
1473 952 86 51 de

159 992 160 89 MM.
251 992 160 89 Hue
342 992 138 89 et
411 992 229 89 Cléry,
572 992 160 89 sur
663 992 206 89 Louis
801 992 183 89 XVI,
915 992 229 89 madame
1076 992 138 89 la
1145 992 275 89 duchesse
1328 992 229 89 d’Angou-

161 1050 198 71 lême,
271 1050 132 71 etc.

116 1069 165 99 4996.
225 1069 238 99 Gérard
408 1069 110 99 de
463 1069 256 99 Nerval
664 1069 274 99 (Labrunie),
884 1069 293 99 littérateur.
1121 1069 110 99 L.
1176 1069 110 99 a.
1231 1069 110 99 s.
1267 1069 293 99 Gérard

162 1143 105 62 à
204 1143 125 62 M.
267 1143 125 62 le
329 1143 188 62 baron
455 1143 230 62 Papion.
622 1143 125 62 12
685 1143 251 62 juillet.
873 1143 105 62 2
915 1143 146 62 gr.
998 1143 125 62 p.
1061 1143 146 62 pl.
1145 1143 125 62 et
1208 1143 188 62 tiers
1333 1143 188 62 in-4.
1458 1143 105 62 7
1479 1143 84 62 50

210 1194 228 54 Comment
376 1194 125 54 il
439 1194 145 54 n’a
522 1194 125 54 pu
584 1194 249 54 assister
771 1194 104 54 à
812 1194 353 54 l’enterrement
1103 1194 125 54 du
1165 1194 208 54 parent
1311 1194 187 54 qu'il
1415 1194 145 54 vient

161 1235 135 57 de
228 1235 292 57 perdre...
453 1235 157 57 «Hé
543 1235 202 57 bien,
678 1235 270 57 j’espère
880 1235 157 57 que
970 1235 180 57 vous
1083 1235 180 57 avez
1195 1235 180 57 pris
1308 1235 135 57 le
1353 1235 202 57 dessus,

160 1289 210 60 «Nous
300 1289 140 60 ne
370 1289 234 60 sommes
534 1289 164 60 pas
627 1289 140 60 en
697 1289 140 60 ce
767 1289 210 60 monde
908 1289 187 60 pour
1024 1289 117 60 y
1071 1289 187 60 être
1188 1289 257 60 heureux
1375 1289 140 60 et
1422 1289 140 60 vous

162 1331 194 57 «avez
292 1331 129 57 du
356 1331 194 57 moins
485 1331 129 57 la
550 1331 323 57 littérature
808 1331 151 57 qui
895 1331 172 57 vous
1002 1331 258 57 console,
1196 1331 172 57 j’en
1304 1331 172 57 suis
1390 1331 172 57 décou-

163 1376 200 76 «ragé
296 1376 200 76 comme
430 1376 133 76 du
496 1376 222 76 reste,
652 1376 133 76 et
719 1376 245 76 j’envie
897 1376 267 76 toujours
1097 1376 156 76 vos
1186 1376 289 76 poétiques
1386 1376 178 76 préoc

132 1422 415 76 «cupations...»

116 1451 189 82 4997.
242 1451 398 82 Goetzius
577 1451 251 82 (André),
766 1451 314 82 philologue.
1017 1451 126 82 L.
1080 1451 210 82 latine
1227 1451 126 82 a.
1290 1451 126 82 s,
1352 1451 105 82 à
1373 1451 189 82 Jacques

164 1526 328 60 Facciolati.
426 1526 306 60 Nuremberg,
667 1526 131 60 13
732 1526 175 60 mars
841 1526 197 60 1752.
972 1526 109 60 3
1016 1526 131 60 p.
1081 1526 131 60 et
1147 1526 197 60 quart
1278 1526 240 60 in-fol.
1453 1526 109 60 3
1475 1526 87 60 50

116 1566 189 71 4998.
242 1566 336 71 Goëte
514 1566 189 71 (Jean
640 1566 294 71 Wolfgang),
871 1566 210 71 poëte,
1018 1566 210 71 auteur
1165 1566 315 71 dramatique.
1395 1566 168 71 Quatre

163 1625 252 62 petites
347 1625 230 62 lignes
507 1625 184 62 aut.
622 1625 161 62 sig
714 1625 161 62 (en
806 1625 321 62 allemand),
1058 1625 161 62 sur
1150 1625 161 62 une
1242 1625 207 62 carte
1356 1625 207 62 Weimar,

122 1658 376 71 25
310 1658 690 71 février
812 1658 690 71 1824...
1313 1658 313 71 3
1376 1658 188 71 »

117 1713 181 59 4999.
238 1713 362 59 Grétry,
539 1713 221 59 célèbre
700 1713 322 59 compositeur.
962 1713 121 59 L.
1022 1713 161 59 aut.
1123 1713 181 59 sig.,
1243 1713 101 59 à
1283 1713 141 59 son
1344 1713 221 59 cousin...

157 1767 287 55 Paris,
358 1767 143 55 7
416 1767 430 55 vendémiaire
760 1767 172 55 an
846 1767 230 55 VII.
989 1767 143 55 2
1047 1767 172 55 p.
1133 1767 201 55 pl.
1247 1767 258 55 in-4.
1420 1767 172 55 20
1477 1767 86 55 »

214 1816 131 64 Il
280 1816 109 64 y
323 1816 109 64 a
367 1816 283 64 longtemps
584 1816 196 64 qu’il
715 1816 218 64 désire
867 1816 131 64 un
933 1816 174 64 coin
1042 1816 131 64 de
1107 1816 196 64 terre
1237 1816 174 64 pour
1346 1816 218 64 savoir
1477 1816 87 64 où

166 1856 217 67 reposer
324 1856 118 67 sa
383 1856 177 67 tête;
501 1856 118 67 il
560 1856 138 67 l’a
639 1856 197 67 enfin,
777 1856 118 67 et
836 1856 118 67 il
895 1856 99 67 a
935 1856 118 67 le
994 1856 217 67 bonheur
1151 1856 197 67 d’être
1289 1856 118 67 le
1329 1856 236 67 sacristain

163 1912 178 56 d’un
274 1912 200 56 grand
408 1912 223 56 homme.
564 1912 200 56 «Mais
697 1912 134 56 je
764 1912 134 56 ne
831 1912 178 56 fais
942 1912 156 56 pas
1031 1912 134 56 un
1098 1912 156 56 pas
1187 1912 178 56 dans
1299 1912 200 56 Paris
1410 1912 156 56 qu’on

165 1965 151 55 «ne
252 1965 129 55 me
316 1965 194 55 dise:
446 1965 173 55 ayez
554 1965 151 55 des
640 1965 216 55 armes,
791 1965 151 55 des
877 1965 237 55 chiens,
1050 1965 173 55 vous
1157 1965 173 55 êtes
1265 1965 173 55 fort
1351 1965 216 55 isolé...

165 2010 271 60 «J’avoue
369 2010 203 60 même,
504 2010 158 60 que
595 2010 136 60 si
663 2010 271 60 l’hiver,
866 2010 249 60 lorsque
1047 2010 158 60 mon
1137 2010 316 60 crachement
1386 2010 136 60 de
1431 2010 136 60 sang

166 2057 155 48 «me
255 2057 289 48 survient,
477 2057 133 48 je
543 2057 133 48 ne
610 2057 244 48 pouvois
788 2057 133 48 me
854 2057 333 48 transporter
1121 2057 111 48 à
1165 2057 155 48 mon
1254 2057 311 48 hermitage,
1476 2057 89 48 je

166 2106 197 69 «n’en
297 2106 262 69 jouirais
494 2106 547 69 qu’imparfaitement...»
975 2106 131 69 Il
1041 2106 153 69 lui
1129 2106 241 69 propose
1304 2106 175 69 donc
1413 2106 131 69 de
1457 2106 109 69 lui

165 2155 219 58 donner
318 2155 175 58 deux
428 2155 175 58 lots
537 2155 131 58 de
603 2155 241 58 terrain
778 2155 197 58 qu’il
909 2155 241 58 possède
1084 2155 175 58 près
1193 2155 131 58 de
1259 2155 153 58 son
1324 2155 241 58 ermitage,

167 2204 110 52 à
211 2204 131 52 la
277 2204 219 52 charge
430 2204 153 52 d’y
518 2204 197 52 faire
649 2204 285 52 contruire
868 2204 175 52 deux
978 2204 219 52 jolies
1131 2204 241 52 maisons
1306 2204 131 52 de
1350 2204 219 52 paysans,

170 2258 183 51 qu’il
292 2258 203 51 aurait
434 2258 183 51 alors
556 2258 163 51 pour
637 2258 244 51 voisins...

123 2295 173 69 5000.
238 2295 346 69 Grassot
527 2295 192 69 (Mme),
661 2295 135 69 née
738 2295 173 69 Fanny
854 2295 385 69 Billiard),
1180 2295 212 69 actrice
1334 2295 115 69 du
1373 2295 192 69 Gymnase,

168 2343 131 65 du
234 2343 460 65 Théâtre-Français,
628 2343 197 65 etc.,
760 2343 197 65 femme
891 2343 131 65 de
957 2343 263 65 Grassot,
1154 2343 241 65 comique
1329 2343 131 65 du
1373 2343 197 65 Palais-

167 2390 219 57 Royal.
320 2390 131 57 L.
386 2390 131 57 a.
452 2390 153 57 s.,
539 2390 110 57 à
583 2390 131 57 M.
649 2390 285 57 Kalkaire.
868 2390 131 57 16
934 2390 241 57 février
1109 2390 197 57 1854.
1240 2390 110 57 1
1284 2390 131 57 p.
1350 2390 197 57 in-8.
1481 2390 110 57 3
1503 2390 66 57 »

121 2430 189 62 5001.
247 2430 399 62 Grégoire
583 2430 252 62 (Henri),
772 2430 210 62 évêque
919 2430 399 62 constitutionnel
1255 2430 126 62 de
1318 2430 210 62 Blois,
1444 2430 126 62 con

168 2481 339 69 ventionnel.
439 2481 135 69 L.
507 2481 181 69 aut.
620 2481 203 69 sig.,
755 2481 113 69 à
800 2481 135 69 M.
868 2481 226 69 Monge,
1026 2481 293 69 président
1252 2481 135 69 du
1320 2481 226 69 Sénat.
1455 2481 113 69 Sa-

154 2536 327 58 medi,
372 2536 182 58 4
444 2536 327 58 avril
662 2536 327 58 1807.
880 2536 399 58 Demi-p.
1171 2536 327 58 in-4.
1388 2536 182 58 2
1425 2536 145 58 50

122 2583 175 71 5002.
238 2583 330 71 Guérin
510 2583 253 71 (Pierre),
705 2583 233 71 peintre.
880 2583 117 71 L.
938 2583 117 71 a.
996 2583 136 71 s.,
1074 2583 97 71 à
1113 2583 117 71 M.
1171 2583 272 71 Durandeau,
1385 2583 97 71 à
1404 2583 156 71 Paris.

171 2629 202 58 Rome,
305 2629 135 58 21
373 2629 202 58 avril
507 2629 202 58 1825.
642 2629 112 58 2
687 2629 157 58 gr.
777 2629 135 58 p.
844 2629 157 58 pl.
934 2629 135 58 et
1002 2629 202 58 demie
1136 2629 202 58 in-4.
1271 2629 247 58 Cachet.
1451 2629 135 58 10
1496 2629 67 58 »

122 2673 204 59 5003.
258 2673 452 59 Guichard,
643 2673 226 59 poëte,
801 2673 158 59 ami
891 2673 136 59 de
959 2673 226 59 Piron.
1118 2673 181 59 Huit
1231 2673 226 59 pièces
1389 2673 136 59 de
1434 2673 136 59 vers

168 2726 237 58 (bouts
334 2726 237 58 rimés,
500 2726 380 58 logogriphes,
809 2726 332 58 charades).
1070 2726 119 58 8
1117 2726 261 58 petites
1307 2726 237 58 pages.
1473 2726 119 58 6
1497 2726 71 58 »

122 2771 183 59 5004.
244 2771 367 59 Guyonne
549 2771 183 59 (de),
672 2771 143 59 ami
753 2771 122 59 du
814 2771 224 59 célèbre
977 2771 346 59 jurisconsulte
1262 2771 244 59 Pothier.
1425 2771 143 59 Trois
