1616 2986
737 134 255 87 414
846 134 109 87 —

135 240 212 74 Mailly
283 240 319 74 d’Haucourt,
538 240 276 74 Estampes,
751 240 170 74 etc.
857 240 127 74 Il
921 240 127 74 se
985 240 212 74 plaint
1133 240 127 74 de
1197 240 127 74 ce
1261 240 149 74 que
1346 240 149 74 les
1410 240 127 74 mer-

141 292 196 58 cures
272 292 196 58 n’ont
403 292 153 58 pas
490 292 196 58 donné
621 292 131 58 la
687 292 306 58 généalogie
927 292 131 58 de
992 292 153 58 ces
1058 292 218 58 maisons.

92 328 194 71 5017.
222 328 194 71 La
351 328 280 71 Farge
566 328 215 71 (Marie
717 328 259 71 Capelle,
911 328 237 71 femme),
1084 328 280 71 condamnée
1299 328 172 71 pour
1385 328 151 71 crime

141 389 488 51 d’empoisonnement.
559 389 140 51 L.
629 389 186 51 aut.
745 389 209 51 sig.,
885 389 116 51 à
931 389 163 51 son
1024 389 233 51 ami...
1187 389 140 51 Ce
1257 389 233 51 samedi
1396 389 140 51 soir

128 437 252 63 (18
272 437 397 63 juillet
561 437 361 63 1844).
813 437 180 63 4
885 437 216 63 p.
993 437 252 63 pl.
1137 437 324 63 in-8.
1354 437 216 63 10
1426 437 108 63 »

195 485 213 56 Lettre
344 485 361 56 intéressante,
641 485 255 56 relative
832 485 106 56 à
875 485 149 56 ses
960 485 255 56 malheurs
1151 485 128 56 et
1215 485 106 56 à
1236 485 298 56 l’impression

146 532 117 48 de
205 532 137 48 ses
283 532 391 48 mémoires
616 532 157 48 dont
714 532 157 48 elle
812 532 196 48 charge
949 532 117 48 un
1008 532 137 48 ami
1086 532 117 48 de
1145 532 235 48 corriger
1321 532 137 48 les
1379 532 157 48 épreu-

144 577 222 65 ves...
299 577 266 65 «J’étais
499 577 200 65 faite
632 577 178 65 pour
743 577 222 65 aimer,
898 577 178 65 pour
1009 577 244 65 dévouer
1187 577 200 65 toute
1320 577 155 65 mon
1387 577 155 65 exise

147 628 211 67 «tence
295 628 105 67 à
337 628 274 67 d’autres.
548 628 295 67 existences
780 628 253 67 chéries,
970 628 127 67 et
1033 628 127 67 il
1096 628 127 67 me
1159 628 169 67 faut
1265 628 274 67 combatre,
1455 628 84 67 il

149 674 150 72 «me
234 674 171 72 faut
341 674 235 72 écrire:
513 674 214 72 J’aime
662 674 128 72 la
727 674 214 72 pensée
876 674 128 72 de
941 674 128 72 la
1005 674 171 72 mort
1112 674 214 72 autant
1262 674 150 72 que
1347 674 150 72 les
1412 674 128 72 heu-

149 730 212 48 «reux
291 730 142 48 du
362 730 212 48 monde
503 730 236 48 aiment
669 730 142 48 la
739 730 236 48 pensée
905 730 142 48 de
975 730 142 48 la
1023 730 212 48 vie...»

101 762 182 68 5018.
222 762 182 68 La
344 762 304 68 Fayette
587 762 142 68 (le
668 762 243 68 général,
850 762 223 68 marquis
1012 762 162 68 de).
1113 762 121 68 L.
1174 762 121 68 a.
1234 762 142 68 s.,
1315 762 121 68 au
1356 762 182 68 général

147 821 223 73 Mathieu
309 821 202 73 Dumas.
450 821 263 73 New-York,
653 821 121 73 21
713 821 182 73 sept.
835 821 182 73 1824.
956 821 101 73 1
997 821 121 73 p.
1057 821 142 73 pl.
1138 821 121 73 et
1199 821 182 73 tiers
1320 821 182 73 in-4.
1442 821 101 73 7
1462 821 81 73 50

197 869 282 53 Nouvelles
414 869 130 53 de
479 869 152 53 son
566 869 239 53 voyage.
740 869 130 53 Il
805 869 109 53 a
848 869 239 53 remonté
1022 869 130 53 la
1087 869 239 53 rivière
1261 869 130 53 du
1326 869 174 53 Nord
1413 869 130 53 jus-

152 922 168 55 qu’à
257 922 189 55 Iroy,
383 922 189 55 jolie
510 922 189 55 ville
636 922 274 55 au-dessus
846 922 274 55 d’Alijany
1057 922 126 55 où
1120 922 126 55 il
1183 922 189 55 avait
1309 922 210 55 laissé
1436 922 105 55 une

150 962 190 67 seule
277 962 233 67 maison.
446 962 127 67 Il
509 962 127 67 va
573 962 106 67 à
615 962 233 67 présent
784 962 106 67 à
826 962 359 67 Philadelphie,
1122 962 296 67 Baltimore,
1334 962 211 67 Washing-

150 1021 214 63 ton...
300 1021 129 63 et
364 1021 300 63 York-Town,
600 1021 129 63 où
664 1021 129 63 se
728 1021 236 63 prépare
900 1021 150 63 une
986 1021 193 63 belle
1114 1021 172 63 fête
1221 1021 172 63 pour
1329 1021 129 63 le
1393 1021 129 63 19
1436 1021 107 63 o6-

149 1064 228 51 tobre.
309 1064 205 51 «Vous
446 1064 205 51 aurez
582 1064 137 51 su
651 1064 160 51 une
742 1064 228 51 partie
902 1064 160 51 des
993 1064 228 51 bontés
1152 1064 182 51 dont
1266 1064 137 51 je
1335 1064 182 51 suis
1426 1064 114 51 ac-

153 1109 269 60 «cueilli:
360 1109 186 60 elles
484 1109 166 60 sont
588 1109 269 60 au-dessus
795 1109 124 60 de
857 1109 124 60 la
919 1109 310 60 description
1167 1109 145 60 que
1250 1109 290 60 d’ailleurs
1457 1109 83 60 il

147 1158 170 69 «ne
244 1158 145 69 me
316 1158 388 69 conviendrait
632 1158 170 69 pas
729 1158 145 69 de
777 1158 291 69 donner...»

101 1199 196 66 5019.
232 1199 196 66 La
363 1199 305 66 Rfarre
603 1199 196 66 (de),
734 1199 240 66 auteur,
908 1199 175 66 avec
1017 1199 240 66 Duhamel
1192 1199 131 66 du
1257 1199 262 66 Monceau,
1432 1199 109 66 de:

156 1252 231 77 Traité
334 1252 124 77 des
405 1252 213 77 pêchers,
565 1252 213 77 Histoire
724 1252 124 77 des
795 1252 302 77 poissons
1044 1252 142 77 etc.
1133 1252 107 77 L.
1186 1252 142 77 aut.
1275 1252 160 77 sig.,
1381 1252 89 77 à
1417 1252 107 77 M.
1452 1252 89 77 De-

147 1312 258 62 saint,
328 1312 336 62 libraire.
586 1312 155 62 19
664 1312 207 62 déc.
793 1312 232 62 1769.
948 1312 129 62 1
1000 1312 155 62 p.
1077 1312 232 62 in-4.
1232 1312 284 62 Cachet.
1439 1312 129 62 3
1465 1312 77 62 »

104 1335 188 86 5020.
229 1335 418 86 Lamennais
585 1335 230 86 (l’abbé
752 1335 125 86 F.
815 1335 167 86 de),
919 1335 230 86 célèbre
1086 1335 313 86 publiciste.
1337 1335 209 86 Billet
1462 1335 84 86 de

152 1396 199 57 trois
284 1396 221 57 lignes
439 1396 177 57 aut.
549 1396 199 57 sig.,
681 1396 110 57 à
726 1396 132 57 M.
792 1396 287 57 Ollivier,
1012 1396 353 57 représentant
1299 1396 132 57 du
1343 1396 199 57 peuple.

124 1447 245 47 3
222 1447 440 47 mars.
516 1447 489 47 Petite
858 1447 294 47 p.
1005 1447 489 47 in-18.
1347 1447 245 47 2
1396 1447 147 47 »

108 1485 166 64 5021.
218 1485 350 64 Lantier,
513 1485 184 64 auteur
642 1485 110 64 du
697 1485 239 64 Voyage
881 1485 258 64 d’Anthénor
1084 1485 110 64 en
1139 1485 166 64 Grèce
1249 1485 110 64 et
1305 1485 110 64 en
1341 1485 203 64 Asie

154 1540 121 61 L.
214 1540 121 61 a.
275 1540 141 61 s.,
356 1540 101 61 à
396 1540 262 61 Champein.
598 1540 121 61 Ce
659 1540 141 61 1er
739 1540 162 61 jour
840 1540 121 61 de
901 1540 182 61 l’an.
1022 1540 101 61 3
1062 1540 121 61 p.
1123 1540 141 61 pl.
1204 1540 182 61 petit
1325 1540 182 61 in-4.
1446 1540 101 61 4
1466 1540 81 61 50

203 1588 132 60 Il
269 1588 198 60 doute
401 1588 220 60 encore
556 1588 154 60 que
644 1588 154 60 les
732 1588 286 60 comédiens
952 1588 264 60 français
1150 1588 154 60 lui
1239 1588 264 60 tiennent
1415 1588 132 60 leur

155 1619 292 84 promesse,
379 1619 224 84 «elles
536 1619 157 84 ont
626 1619 157 84 été
715 1619 179 84 bien
827 1619 247 84 souvent
1007 1619 314 84 trompeuses
1253 1619 112 84 à
1298 1619 157 84 mon
1366 1619 179 84 égard,

158 1688 133 56 «du
234 1688 191 56 moins;
368 1688 114 56 il
425 1688 191 56 paraît
558 1688 191 56 qu’ils
692 1688 229 56 n’aiment
863 1688 133 56 pas
939 1688 114 56 le
996 1688 381 56 Flatteur
1301 1688 248 56 qu’aimaient

153 1733 318 62 «beaucoup
397 1733 195 62 Molé
519 1733 147 62 et
592 1733 293 62 Dugazon,
812 1733 147 62 ce
885 1733 171 62 qui
983 1733 171 62 m’a
1081 1733 220 62 rendu
1227 1733 147 62 la
1276 1733 269 62 troisième

158 1791 413 50 «représentation
506 1791 131 50 de
572 1791 131 50 la
637 1791 261 50 dernière
833 1791 239 50 reprise
1007 1791 152 50 500
1072 1791 174 50 fr...»

106 1807 191 89 5022.
233 1807 191 89 La
360 1807 212 89 Hèoche
509 1807 276 89 Posay
721 1807 340 89 (Henri-Louis
997 1807 127 89 de
1061 1807 340 89 Chasteignier
1337 1807 170 89 de),
1422 1807 127 89 évé

158 1876 145 83 que
241 1876 124 83 de
303 1876 269 83 Poitiers.
510 1876 227 83 Lettres
675 1876 124 83 de
737 1876 248 83 prétrise
923 1876 124 83 du
985 1876 186 83 sieur
1109 1876 227 83 Boidin,
1274 1876 103 83 à
1295 1876 248 83 Parthenay.

141 1930 362 60 1618.
382 1930 362 60 Pièce
624 1930 322 60 sig.
825 1930 644 60 (Parchemin.)
1348 1930 201 60 3
1388 1930 161 60 50

111 1961 179 74 5023.
231 1961 179 74 La
350 1961 259 74 Salle
550 1961 140 74 (le
630 1961 179 74 comte
749 1961 160 74 de),
849 1961 219 74 général
1009 1961 120 74 de
1068 1961 259 74 division,
1268 1961 140 74 tué
1348 1961 100 74 à
1368 1961 179 74 Wagrams

161 2013 132 62 L.
227 2013 154 62 aut
315 2013 198 62 sig.,
447 2013 132 62 au
513 2013 220 62 payeur
668 2013 242 62 général
844 2013 132 62 de
910 2013 264 62 l’armée.
1108 2013 264 62 Moheduc,
1307 2013 132 62 20
1351 2013 198 62 février

152 2065 274 63 1809.
334 2065 152 63 1
395 2065 183 63 p.
486 2065 183 63 et
577 2065 274 63 demie
760 2065 335 63 in-fol.
1003 2065 487 63 Rare
1399 2065 183 63 10
1460 2065 91 63 »

110 2104 193 73 5024.
238 2104 193 73 La
367 2104 171 73 Tour
474 2104 407 73 d’Auvergne,
816 2104 278 73 cardinal,
1030 2104 214 73 évêque
1180 2104 257 73 d’Arras.
1373 2104 128 73 L.
1416 2104 128 73 aut.

162 2162 171 80 sig.,
276 2162 95 80 à
314 2162 133 80 Son
390 2162 284 80 Excellence.
617 2162 322 80 Seule
882 2162 190 80 Arras,
1015 2162 114 80 27
1072 2162 171 80 avril
1186 2162 171 80 1827.
1300 2162 95 80 2
1337 2162 114 80 p.
1375 2162 171 80 in

107 2220 1293 50 Portr
1172 2220 456 50 10
1324 2220 228 50 »

212 2257 197 78 Lettre
350 2257 355 78 confidentielle
647 2257 434 78 très-intéressante,
1022 2257 138 78 par
1101 2257 237 78 laquelle
1279 2257 118 78 il
1318 2257 237 78 s’attaclie

162 2307 101 53 à
202 2307 121 53 se
263 2307 262 53 justifier
464 2307 121 53 de
525 2307 323 53 l’accusation
787 2307 121 53 de
848 2307 303 53 libéralisme
1090 2307 141 53 qui
1171 2307 101 53 a
1211 2307 141 53 été
1292 2307 222 53 dirigée
1433 2307 121 53 con-

163 2356 155 66 tre
251 2356 221 66 lui...
406 2356 155 66 «Je
494 2356 133 66 ne
561 2356 177 66 sais
671 2356 243 66 comment
848 2356 133 66 on
914 2356 110 66 a
958 2356 133 66 pu
1025 2356 221 66 croire
1179 2356 199 66 qu’un
1312 2356 221 66 évêque
1445 2356 110 66 qui

164 2410 174 58 «n’a
273 2410 261 58 traversé
468 2410 130 58 la
533 2410 304 58 Révolution
772 2410 152 58 que
859 2410 174 58 dans
968 2410 152 58 les
1055 2410 239 58 prisons
1228 2410 130 58 de
1293 2410 130 58 la
1337 2410 217 58 Terreur;

164 2466 168 47 «qui
269 2466 147 47 n’a
353 2466 168 47 fait
458 2466 189 47 aucun
584 2466 231 47 serment
752 2466 420 47 révolutionnaire,
1109 2466 168 47 peut
1214 2466 168 47 être
1298 2466 252 47 libéral..»

162 2506 247 56 «Est-ce
341 2506 180 56 donc
454 2506 135 56 un
521 2506 202 56 crime
656 2506 135 56 de
724 2506 315 56 s’attacher
971 2506 112 56 à
1016 2506 292 56 maintenir
1241 2506 247 56 l’ordre
1421 2506 135 56 et
1466 2506 90 56 la

163 2548 190 67 «paix
289 2548 168 67 dans
395 2548 147 67 son
479 2548 295 67 diocèse...
711 2548 126 67 Si
774 2548 126 67 en
837 2548 232 67 faisant
1005 2548 168 67 tout
1111 2548 168 67 cela
1216 2548 126 67 on
1279 2548 147 67 est
1342 2548 211 67 libéral,

162 2603 166 53 «je
257 2603 143 53 ne
329 2603 190 53 puis
447 2603 190 53 m’en
542 2603 333 53 défendre...»

118 2639 197 67 5025.
249 2639 197 67 Le
380 2639 328 67 Peintre
643 2639 175 67 aîné
752 2639 503 67 (Charles-Emmanuel),
1189 2639 219 67 acteur
1342 2639 131 67 du
1386 2639 175 67 Vaude-

168 2691 186 56 ville
292 2691 124 56 et
354 2691 145 56 des
437 2691 268 56 Variétés.
643 2691 207 56 Billet
788 2691 165 56 aut.
891 2691 186 56 sig.,
1015 2691 103 56 à
1056 2691 186 56 MM...
1180 2691 103 56 9
1222 2691 165 56 mars
1325 2691 186 56 1854.
1449 2691 103 56 1
1469 2691 83 56 p.

168 2740 214 55 in-18.
317 2740 300 55 Biographie
553 2740 193 55 impr.
681 2740 107 55 4
724 2740 128 55 p.
788 2740 193 55 in-4.
917 2740 364 55 Charge
1217 2740 128 55 de
1281 2740 235 55 Dantan.
1452 2740 107 55 3
1473 2740 86 55 50

115 2783 197 65 5026.
246 2783 197 65 Le
378 2783 328 65 Peintre
641 2783 197 65 jeune
772 2783 525 65 (Émmanuel-Augustin),
1232 2783 219 65 acteur
1385 2783 131 65 du
1429 2783 131 65 Vau-

168 2845 221 66 deville
329 2845 120 66 et
389 2845 141 66 des
469 2845 261 66 Variétés.
670 2845 120 66 1°
730 2845 181 66 Ma
850 2845 401 66 cinquantame
1192 2845 221 66 Chanson
1352 2845 161 66 aut.
1433 2845 120 66 sig.
