1672 2900
122 178 133 89 (Sa
198 178 247 89 signature
388 178 114 89 se
445 178 190 89 trouve
578 178 95 89 à
616 178 114 89 la
673 178 228 89 première
845 178 209 89 ligne);
997 178 95 89 à
1035 178 114 89 la
1092 178 190 89 suite:
1206 178 323 89 Quatrain

122 247 176 69 sur
245 247 176 69 Bouffé
369 247 105 69 et
421 247 264 69 Vernet
632 247 141 69 Aut.
720 247 88 69 3
755 247 105 69 p.
808 247 123 69 pl.
878 247 158 69 in-4.
984 247 88 69 —
1019 247 123 69 2°.
1089 247 158 69 La
1195 247 141 69 noce
1283 247 105 69 du
1318 247 211 69 cousin

122 290 376 68 Bobosse
439 290 217 68 Chanson
597 290 158 68 aut.
696 290 99 68 4
735 290 119 68 p.
794 290 138 68 pl.
874 290 178 68 in-4.
992 290 99 68 —
1032 290 119 68 3°
1091 290 217 68 Couplet
1249 290 138 68 (de
1328 290 158 68 huit
1407 290 119 68 vers

117 345 212 53 aut.)
259 345 165 53 sur
353 345 282 53 l’hymen.
564 345 212 53 In-4.
706 345 118 53 —
753 345 329 53 Biographie
1011 345 212 53 impr.
1153 345 118 53 4
1200 345 141 53 p.
1270 345 212 53 in-4.
1388 345 141 53 Deux

63 394 1311 78 portr
1142 394 386 78 7
1220 394 308 78 50

76 408 169 77 5027.
189 408 300 77 Lesur
433 408 188 77 auteur
564 408 113 77 de
621 408 319 77 l'Annuaire
884 408 263 77 historique
1090 408 338 77 universel
1372 408 113 77 L.
1409 408 113 77 aut.

119 489 188 71 sig.,
244 489 104 71 à
286 489 125 71 M.
348 489 125 71 le
411 489 229 71 vicomte
578 489 125 71 de
640 489 375 71 Châteaubriand.
953 489 208 71 Paris,
1099 489 125 71 14
1162 489 188 71 avril
1287 489 188 71 1828.
1412 489 104 71 4
1433 489 83 71 p.

27 528 1269 80 in-fol.
949 528 577 80 2
1065 528 461 80 50

71 552 190 100 5028.
198 552 443 100 L’Hospifal
578 552 148 100 (le
662 552 232 100 marquis
831 552 169 100 de),
937 552 317 100 ambassadeur
1190 552 127 100 de
1253 552 211 100 France
1401 552 106 100 à
1422 552 106 100 Na-

120 630 201 66 ples.
254 630 134 66 L.
320 630 134 66 a.
387 630 156 66 s.,
477 630 112 66 à
521 630 156 66 M..
610 630 245 66 Naples,
789 630 112 66 7
834 630 201 66 sept.
967 630 201 66 1747.
1101 630 112 66 2
1146 630 134 66 p.
1213 630 156 66 pl.
1302 630 201 66 in-4.
1436 630 112 66 6
1458 630 67 66 »

168 671 130 64 Il
233 671 152 64 lui
320 671 173 64 rend
428 671 216 64 compte
580 671 130 64 de
645 671 152 64 ses
731 671 281 64 démarches
948 671 216 64 auprès
1099 671 130 64 du
1164 671 152 64 roi
1251 671 130 64 de
1316 671 216 64 Naples
1445 671 87 64 et

122 723 136 59 de
190 723 159 59 son
258 723 295 59 ministre...

76 762 189 69 5029.
202 762 399 69 Lorraine
538 762 315 69 (Marie-Anne
790 762 168 69 de),
894 762 231 69 abbesse
1062 762 126 69 de
1125 762 315 69 Montmartre.
1356 762 168 69 Quitt.

116 817 217 61 sig.
252 817 217 61 (sur
387 817 326 61 papier).
632 817 244 61 1687.
795 817 136 61 1
849 817 163 61 p.
931 817 217 61 in-8
1066 817 163 61 en
1148 817 326 61 travers.
1392 817 136 61 2
1419 817 109 61 50

76 851 184 81 5030.
198 851 429 81 LouissPhilippe
566 851 225 81 Rer
730 851 143 81 roi
812 851 143 81 des
893 851 266 81 Français.
1098 851 123 81 L.
1159 851 123 81 a.
1220 851 143 81 s.,
1302 851 123 81 au
1343 851 184 81 général

121 904 333 70 Sébastiani.
387 904 222 70 Paris,
543 904 133 70 28
610 904 178 70 mars
721 904 200 70 1826.
854 904 111 70 2
899 904 156 70 gr.
988 904 133 70 p.
1054 904 200 70 in-4.
1188 904 289 70 Enveloppe
1388 904 133 70 aut.

121 958 234 60 Cachet
285 958 141 60 en
355 958 187 60 cire
472 958 234 60 rouge.
636 958 328 60 Très-belle
894 958 258 60 lettre.
1081 958 398 60 Intéressante.
1409 958 141 60 25
1456 958 70 60 »

78 993 179 85 5031.
197 993 318 85 RRars
455 993 218 85 (Mlle),
614 993 218 85 célèbre
773 993 298 85 comédienne.
1011 993 119 85 L.
1071 993 179 85 aut.,
1190 993 99 85 à
1229 993 119 85 sa
1269 993 258 85 couturière,

115 1056 246 47 Mlle
269 1056 461 47 d’Hossonne.
637 1056 154 47 1
699 1056 184 47 p.
791 1056 276 47 in-8.
975 1056 522 47 Portr
1405 1056 154 47 4
1436 1056 92 47 »

78 1094 176 72 5032.
196 1094 392 72 MHénmoire
529 1094 137 72 sur
608 1094 118 72 la
666 1094 274 72 situation,
882 1094 176 72 l’air
1000 1094 118 72 et
1059 1094 137 72 les
1137 1094 157 72 eaux
1235 1094 118 72 de
1294 1094 118 72 la
1353 1094 176 72 ville
1451 1094 78 72 de

122 1142 250 64 Toulon.
304 1142 159 64 Par
395 1142 136 64 M.
463 1142 136 64 de
531 1142 136 64 la
599 1142 318 64 Berthonve,
848 1142 250 64 médecin
1030 1142 136 64 de
1098 1142 295 64 l’hôpital
1325 1142 204 64 royal
1438 1142 91 64 et

128 1204 249 53 militaire
320 1204 115 53 de
377 1204 173 53 cette
492 1204 192 53 ville.
627 1204 269 53 Manuscrit,
837 1204 96 53 4
876 1204 115 53 p.
933 1204 211 53 in-fol.
1087 1204 115 53 Il
1144 1204 96 53 y
1183 1204 96 53 a
1221 1204 96 53 à
1259 1204 115 53 la
1317 1204 153 53 fin:
1394 1204 134 53 copié

108 1250 178 56 à
180 1250 604 56 Valenciennes,
677 1250 213 56 le
783 1250 213 56 27
890 1250 391 56 octobre
1174 1250 320 56 1774.
1387 1250 178 56 5
1422 1250 107 56 »

80 1287 178 64 5033.
199 1287 356 64 Mercœur
495 1287 237 64 (Elisa),
673 1287 198 64 poëte,
811 1287 277 64 surnommée:
1029 1287 178 64 la
1147 1287 158 64 Muse
1227 1287 296 64 Nantaise

125 1336 126 59 L.
188 1336 168 59 aut.
293 1336 188 59 sig.,
418 1336 126 59 au
481 1336 251 59 ministre
669 1336 147 59 des
753 1336 230 59 travaux
921 1336 251 59 publics.
1109 1336 209 59 Paris,
1256 1336 105 59 5
1298 1336 168 59 juin
1381 1336 147 59 1833.

92 1386 276 52 2
202 1386 386 52 gr.
423 1386 331 52 p.
589 1386 386 52 pl.
809 1386 607 52 in-fol.
1251 1386 331 52 10
1361 1386 166 52 »

176 1427 208 60 Lettre
322 1427 333 60 intéressante
592 1427 125 60 en
655 1427 187 60 prose
780 1427 125 60 et
842 1427 125 60 en
905 1427 187 60 vers.
1030 1427 167 60 Elle
1134 1427 146 60 lui
1217 1427 208 60 expose
1363 1427 146 60 les
1425 1427 104 60 em-

125 1483 206 62 barras
270 1483 124 62 de
332 1483 124 62 sa
394 1483 248 62 position
579 1483 124 62 et
641 1483 268 62 sollicite
847 1483 124 62 un
909 1483 248 62 secours.
1095 1483 186 62 Ayant
1219 1483 186 62 perdu
1342 1483 103 62 à
1384 1483 124 62 la
1425 1483 103 62 ré-

126 1526 241 60 volution
306 1526 120 60 de
367 1526 221 60 juiliet
527 1526 120 60 sa
587 1526 221 60 pension
748 1526 301 60 littéraire,
988 1526 120 60 et
1049 1526 181 60 ayant
1169 1526 201 60 essuyé
1309 1526 140 60 une
1370 1526 160 60 longue

123 1581 272 50 maladie,
328 1581 182 50 elle
441 1581 159 50 est
532 1581 250 50 plongée
713 1581 182 50 dans
827 1581 136 50 le
895 1581 182 50 plus
1008 1581 250 50 extrême
1190 1581 295 50 besoin...
1394 1581 136 50 «Des

126 1637 392 54 «Républicains
448 1637 207 54 m’ont
587 1637 184 54 fait
702 1637 138 54 de
771 1637 346 54 magnifiques
1047 1637 299 54 promesses
1278 1637 184 54 pour
1370 1637 161 54 m’en-

125 1675 227 61 «gager
284 1675 113 61 à
330 1675 136 61 me
398 1675 295 61 rétracter
624 1675 136 61 et
693 1675 113 61 à
738 1675 250 61 devenir
919 1675 136 61 le
987 1675 250 61 chantre
1169 1675 113 61 à
1214 1675 204 61 gages
1350 1675 136 61 de
1396 1675 136 61 leur

126 1724 249 64 «cause.
308 1724 204 64 Comme
444 1724 136 64 je
511 1724 136 64 ne
579 1724 181 64 fais
693 1724 317 64 pasimarché
942 1724 136 64 de
1010 1724 136 64 ma
1078 1724 340 64 conscience,
1350 1724 136 64 je
1395 1724 136 64 suis

125 1768 266 61 «restée
318 1768 194 61 avec
439 1768 145 61 ma
488 1768 290 61 misère...»

82 1792 176 81 5034.
200 1792 333 81 aercœur
474 1792 235 81 (Élisa),
651 1792 196 81 poëte,
788 1792 274 81 surnommée:
1004 1792 176 81 la
1121 1792 157 81 Muse
1219 1792 314 81 Nantaise
1455 1792 78 81 Le

129 1866 222 53 Songe
295 1866 111 53 et
350 1866 129 53 les
424 1866 370 53 Thermopyles
738 1866 166 53 Pièce
849 1866 111 53 de
905 1866 148 53 vers
997 1866 148 53 aut.
1089 1866 166 53 sig.,
1200 1866 92 53 6
1237 1866 111 53 p.
1293 1866 129 53 pl.
1367 1866 111 53 et
1404 1866 129 53 demie

111 1913 336 53 in-4.
335 1913 486 53 (Quelques
708 1913 374 53 taches
970 1913 486 53 d’encre.)
1343 1913 224 53 10
1418 1913 112 53 »

85 1955 160 64 5035.
192 1955 339 64 Rfercier
477 1955 392 64 (Louis-Sébastien),
816 1955 178 64 auteur
941 1955 107 64 du
994 1955 250 64 Tableau
1190 1955 107 64 de
1244 1955 250 64 Paris
1422 1955 107 64 etc.

118 2015 192 56 L.
214 2015 257 56 aut.
374 2015 289 56 sig.,
567 2015 160 56 à
631 2015 417 56 Madame...
952 2015 353 56 Demi-p.
1208 2015 289 56 in-4.
1401 2015 160 56 5
1433 2015 96 56 »

175 2058 179 62 Envoi
295 2058 140 62 dun
374 2058 199 62 billet
514 2058 160 62 pour
614 2058 120 62 la
674 2058 359 62 représentation
973 2058 120 62 de
1032 2058 479 62 l'Indigent..
1431 2058 100 62 «Je

128 2112 226 59 «compte
293 2112 164 59 vous
395 2112 226 59 envoyer
559 2112 164 59 deux
662 2112 205 59 places
806 2112 164 59 pour
908 2112 123 59 le
970 2112 267 59 Réveil
1155 2112 369 59 d’Epiménide

133 2160 87 54 «
167 2160 244 54 Charles
359 2160 174 54 IX
481 2160 122 54 est
533 2160 192 54 retardé.»

83 2184 195 71 5036.
213 2184 454 71 Bfoméchenu
603 2184 151 71 (le
689 2184 260 71 vicomte,
884 2184 173 71 puis
992 2184 238 71 marquis
1165 2184 173 71 de),
1273 2184 260 71 maréchal
1446 2184 87 71 de

128 2259 195 45 camp,
258 2259 325 45 commissaire
518 2259 130 45 de
583 2259 130 45 la
648 2259 217 45 France
800 2259 108 45 à
843 2259 390 45 Sainte-Hélène,
1168 2259 173 45 pour
1276 2259 130 45 la
1319 2259 217 45 surveil-

129 2299 192 59 lance
257 2299 128 59 de
321 2299 320 59 Napoléon...
577 2299 192 59 Pièce
705 2299 171 59 aut.
812 2299 192 59 sig.,
940 2299 128 59 au
1004 2299 192 59 sujet
1132 2299 128 59 de
1196 2299 149 59 ses
1260 2299 278 59 opérations;

128 2347 350 53 d’inspection
412 2347 328 53 militaires.
675 2347 219 53 Paris,
828 2347 131 53 22
893 2347 175 53 oct.
1002 2347 197 53 1817.
1134 2347 240 53 Demi-p.
1308 2347 197 53 in-4.
1440 2347 109 53 5
1461 2347 66 53 »

86 2374 179 89 5037.
205 2374 457 89 KHonfgolfier
603 2374 438 89 (Jacques-Étienne),
981 2374 259 89 inventeur
1180 2374 179 89 (avec
1299 2374 139 89 son
1359 2374 179 89 frère),

132 2446 147 54 des
216 2446 294 54 aérostats,
447 2446 377 54 mathématicien,
761 2446 294 54 physicien,
992 2446 315 54 mécanicien.
1243 2446 126 54 L.
1306 2446 168 54 aut.
1390 2446 147 54 sig.,

130 2485 112 62 à
174 2485 134 62 M.
241 2485 245 62 Molard,
420 2485 223 62 membre
576 2485 134 62 du
643 2485 245 62 conseil
821 2485 156 62 des
910 2485 178 62 arts
1022 2485 134 62 et
1089 2485 379 62 manufactures.
1379 2485 156 62 Lvon,

132 2527 128 73 10
196 2527 320 73 vendémiaire
451 2527 128 73 an
515 2527 170 73 VII.
622 2527 107 73 3
664 2527 149 73 gr.
750 2527 128 73 p.
814 2527 149 73 pl.
899 2527 192 73 in-4.
1027 2527 469 73 Très-intéressante.
1431 2527 128 73 20
1474 2527 64 73 »

176 2584 126 62 Il
239 2584 146 62 lui
323 2584 230 62 adresse
490 2584 167 62 avec
595 2584 272 62 confiance
804 2584 126 62 le
867 2584 230 62 citoyen
1034 2584 230 62 Jubier,
1201 2584 335 62 représentant
1452 2584 84 62 du

138 2628 223 71 peuple,
300 2628 142 71 qui
381 2628 102 71 a
422 2628 122 71 un
483 2628 203 71 filage
625 2628 122 71 de
686 2628 162 71 soie
788 2628 223 71 d’après
950 2628 142 71 les
1031 2628 264 71 principes
1234 2628 122 71 et
1295 2628 142 71 les
1356 2628 183 71 modèles

133 2694 136 51 de
201 2694 317 51 Vaucanson.
450 2694 339 51 Explication
722 2694 158 51 des
812 2694 271 51 procédés
1016 2694 136 51 et
1084 2694 158 51 des
1174 2694 249 51 rouages
1355 2694 158 51 des
1423 2694 113 51 mé

119 2729 157 57 tiers.

92 2748 163 110 5038.
200 2748 343 110 MHontgon
490 2748 199 110 (l’abbé
634 2748 380 110 Charles-Alexandre
960 2748 145 110 de),
1050 2748 181 110 auteur
1176 2748 108 110 de
1213 2748 325 110 Mémoires,
