1608 3009
640 60 184 93 —
714 60 257 93 416
824 60 110 93 —

115 140 218 95 chargé
268 140 131 95 de
333 140 348 95 négociations
616 140 131 95 en
681 140 240 95 Espagne
856 140 174 95 sous
965 140 131 95 le
1030 140 283 95 ministère
1248 140 131 95 du
1291 140 218 95 cardinal

116 223 126 63 de
179 223 232 63 Fleury.
347 223 126 63 L.
411 223 168 63 aut.
516 223 189 63 sig.,
642 223 105 63 à
684 223 168 63 M...
789 223 232 63 Madrid,
958 223 126 63 17
1021 223 147 63 mai
1105 223 189 63 1726.
1231 223 105 63 3
1273 223 147 63 gr.
1358 223 126 63 p.
1400 223 105 63 pl.

63 265 435 62 et
281 265 653 62 demie
716 265 653 62 in-4.
1151 265 435 62 10
1296 265 218 62 »

163 313 217 50 Lettre
315 313 391 50 confidentielle
641 313 326 50 extrémement
902 313 283 50 curieuse,
1120 313 283 50 contenant
1337 313 152 50 des
1402 313 109 50 dé-

118 362 181 57 tails
238 362 221 57 intimes
399 362 141 57 sur
479 362 120 57 la
539 362 161 57 cour
640 362 281 57 d’Espagne,
861 362 141 57 sur
941 362 120 57 la
1001 362 181 57 chute
1122 362 120 57 du
1182 362 281 57 ministère,
1383 362 120 57 etc.

66 410 191 67 5039.
193 410 319 67 Napoléon
448 410 255 67 Ier,
640 410 255 67 empereur
831 410 149 67 des
916 410 276 67 Français.
1128 410 128 67 L.
1192 410 191 67 sig.,
1320 410 149 67 N.,
1383 410 128 67 avec

113 453 240 64 paraphe
288 453 131 64 et
353 453 153 64 une
441 453 306 64 correction
681 453 196 64 aut.,
812 453 109 64 à
855 453 284 64 Lacépède.
1073 453 349 64 Saint-Cloud,
1357 453 131 64 12
1401 453 109 64 no-

87 502 458 58 vembre
408 502 412 58 1811.
683 502 504 58 Demi-p.
1049 502 412 58 in-4.
1324 502 229 58 6
1370 502 137 58 »

65 542 197 75 5040.
196 542 328 75 Napoléon
459 542 262 75 IHI
655 542 262 75 empereur
852 542 153 75 des
940 542 284 75 Français.
1158 542 131 75 L.
1224 542 175 75 aut.
1333 542 197 75 sig.,
1442 542 66 75 à

114 602 116 65 M.
172 602 251 65 Corréard,
365 602 251 65 directeur
558 602 116 65 du
616 602 271 65 Journal
829 602 135 65 des
907 602 174 65 armes
1023 602 348 65 spéciales
1293 602 213 65 Aremberg,

92 648 258 58 19
221 648 472 58 juillet
564 648 386 58 1831.
822 648 215 58 1
908 648 258 58 p.
1037 648 386 58 in-8.
1294 648 258 58 25
1380 648 129 58 »

159 693 256 58 Demande
345 693 372 58 d’abonnement
647 693 140 58 au
717 693 256 58 journal
903 693 326 58 précité...
1159 693 186 58 «Les
1252 693 256 58 questions

113 744 103 60 «
155 744 246 60 traitées
339 744 164 60 dans
442 744 123 60 la
503 744 205 60 partie
647 744 144 60 que
729 744 123 60 je
790 744 226 60 connais
954 744 226 60 m’ayant
1118 744 164 60 fort
1221 744 287 60 intéressé,
1426 744 82 60 et

112 795 155 60 «le
200 795 332 60 patriotisme
466 795 155 60 que
554 795 177 60 vous
665 795 310 60 manifestez
909 795 177 60 dans
1019 795 199 60 votre
1152 795 243 60 préface
1307 795 199 60 m’ayant

111 845 186 59 «plu
227 845 419 59 excessivement,
576 845 140 59 je
646 845 186 59 vous
762 845 186 59 prie
878 845 140 59 de
948 845 140 59 me
1018 845 256 59 compter
1204 845 140 59 au
1273 845 233 59 nombre
1413 845 93 59 de

112 895 182 61 «vos
226 895 319 61 abonnés...
477 895 160 61 Mon
568 895 274 61 adresse:
773 895 137 61 Au
842 895 228 61 Prince
1001 895 182 61 Nap.
1115 895 137 61 L.
1184 895 160 61 B.,
1252 895 251 61 capitaine

112 936 374 53 «d’artillerie
420 936 110 53 à
464 936 330 53 Arenenberg,
728 936 220 53 canton
882 936 132 53 de
948 936 308 53 Thurgovie.
1168 936 220 53 Suisse.»

63 980 176 63 5041.
181 980 351 63 Natoire
473 980 410 63 (Charles-Joseph),
825 980 312 63 dessinateur,
1079 980 234 63 peintre,
1254 980 254 63 directeur
1430 980 78 63 de

111 1031 325 52 l’Académie
366 1031 139 52 de
436 1031 255 52 France,
622 1031 116 52 à
668 1031 209 52 Rome.
807 1031 139 52 L.
877 1031 186 52 aut.
993 1031 186 52 sig,
1109 1031 116 52 à
1156 1031 139 52 M.
1225 1031 255 52 Antoine
1388 1031 116 52 Du-

106 1080 285 67 chesne.
313 1080 233 67 Rome,
469 1080 155 67 16
546 1080 285 67 février
754 1080 233 67 1754.
909 1080 130 67 4
961 1080 181 67 gr.
1065 1080 130 67 p
1116 1080 181 67 pl.
1220 1080 233 67 in-4.
1375 1080 155 67 18
1427 1080 78 67 »

159 1132 128 61 Il
223 1132 192 61 vient
351 1132 278 61 d’envoyer
564 1132 149 61 une
650 1132 214 61 caisse
799 1132 128 61 de
863 1132 256 61 tableaux
1056 1132 107 61 à
1098 1132 128 61 M.
1162 1132 128 61 de
1226 1132 278 61 Vandière,
1419 1132 85 61 se

111 1185 279 60 composant
325 1185 129 60 de
389 1185 279 60 plusieurs
604 1185 215 60 copies
754 1185 150 60 par
840 1185 150 60 ses
926 1185 236 60 élèves,
1097 1185 236 60 d’après
1269 1185 236 60 Raphaël
1419 1185 86 60 et

112 1224 123 58 le
173 1224 306 58 Dominiquin.
418 1224 123 58 Il
479 1224 102 58 v
520 1224 102 58 a
561 1224 184 58 joint
683 1224 123 58 un
745 1224 225 58 tableau
908 1224 123 58 de
969 1224 123 58 sa
1030 1224 204 58 façon,
1173 1224 184 58 qu’il
1296 1224 204 58 envoie
1418 1224 82 58 au

109 1274 266 53 maréchal
308 1274 133 53 de
375 1274 288 53 Noailles,
597 1274 177 53 pour
708 1274 133 53 la
774 1274 266 53 chapêlle
974 1274 133 53 de
1040 1274 333 53 Notre-Dame.
1306 1274 133 53 Il
1351 1274 155 53 était

113 1324 164 53 fini
215 1324 164 53 bien
317 1324 184 53 avant
440 1324 327 53 l’exposition
706 1324 123 53 du
767 1324 204 53 salon;
910 1324 164 53 s’il
1012 1324 123 53 en
1074 1324 143 53 eût
1155 1324 164 53 valu
1258 1324 123 53 la
1319 1324 184 53 peine
1421 1324 82 53 il

113 1370 201 59 aurait
254 1370 242 59 souhaité
435 1370 181 59 qu'il
556 1370 101 59 y
596 1370 201 59 fût...
737 1370 161 59 Mais
838 1370 121 59 il
899 1370 201 59 compte
1040 1370 222 59 envoyer
1201 1370 101 59 à
1241 1370 121 59 la
1281 1370 222 59 prochaine

109 1425 305 52 exposition
349 1425 131 52 la
414 1425 196 52 suite
545 1425 131 52 de
588 1425 370 52 Marc

67 1454 163 78 5042.
176 1454 290 78 North
412 1454 254 78 (Frédéric,
611 1454 163 78 comte
720 1454 109 78 de
775 1454 363 78 Guiffort
1083 1454 145 78 plus
1174 1454 163 78 connu
1283 1454 145 78 sous
1374 1454 109 78 le
1410 1454 91 78 nom

110 1511 131 65 de
176 1511 218 65 lord),
328 1511 305 65 chancelier
568 1511 131 65 de
633 1511 349 65 l’échiquier.
917 1511 131 65 N.
982 1511 196 65 1732.
1113 1511 131 65 M.
1178 1511 196 65 1792.
1287 1511 218 65 Warrant.

108 1570 164 49 sig.
211 1570 144 49 (en
293 1570 267 49 anglais),
499 1570 205 49 signée
642 1570 185 49 aussi
766 1570 144 49 par
848 1570 288 49 Palmerston
1074 1570 123 49 et
1135 1570 123 49 1.
1197 1570 226 49 Buller.
1361 1570 103 49 8
1382 1570 123 49 jan-

92 1610 306 59 vier
283 1610 344 59 1782.
512 1610 191 59 1
588 1610 267 59 gr.
741 1610 229 59 p.
856 1610 267 59 pl.
1008 1610 420 59 in-fol.
1314 1610 191 59 7
1352 1610 153 59 50

64 1647 171 67 5043.
178 1647 342 67 Orléans
462 1647 133 67 (le
538 1647 247 67 chevalier
728 1647 152 67 d’),
823 1647 152 67 fils
918 1647 209 67 naturel
1070 1647 114 67 et
1127 1647 228 67 légitimé
1297 1647 114 67 du
1335 1647 171 67 régent.

109 1710 131 53 et
175 1710 131 53 de
240 1710 131 53 la
305 1710 262 53 comtesse
501 1710 327 53 d’Argenton,
763 1710 240 53 général
937 1710 153 53 des
1025 1710 262 53 galères,
1221 1710 196 53 grand
1330 1710 174 53 prieur

108 1757 127 55 de
171 1757 232 55 France.
340 1757 127 55 L.
403 1757 169 55 aut.
509 1757 190 55 sig.,
636 1757 106 55 à
678 1757 169 55 M...
783 1757 232 55 Reggio,
952 1757 127 55 en
1016 1757 253 55 Calabre,
1205 1757 127 55 30
1269 1757 169 55 juin
1353 1757 148 55 1734,

82 1804 245 55 1
180 1804 294 55 p.
327 1804 441 55 in-4.
621 1804 833 55 Intéressante.
1307 1804 245 55 6
1356 1804 147 55 »

60 1829 183 69 5044.
182 1829 366 69 Orléans
486 1829 406 69 (Charlotte-Aglaé
832 1829 163 69 d’),
933 1829 183 69 fille
1055 1829 122 69 du
1116 1829 223 69 régent,
1279 1829 163 69 dite
1360 1829 142 69 made-

105 1897 265 63 moiselle
303 1897 132 63 de
370 1897 243 63 Valois,
546 1897 265 63 duchesse
744 1897 132 63 de
811 1897 243 63 Modène.
987 1897 132 63 L.
1053 1897 176 63 aut.
1163 1897 132 63 24
1229 1897 198 63 sept.
1340 1897 154 63 1733.

96 1949 167 58 2
162 1949 201 58 p.
263 1949 234 58 pl.
397 1949 201 58 et
497 1949 301 58 quart
698 1949 301 58 in-4.
899 1949 301 58 Jolie
1099 1949 368 58 lettre.
1367 1949 167 58 6
1401 1949 100 58 »

158 1993 246 62 Relative
342 1993 102 62 à
383 1993 287 62 l’élection
608 1993 123 62 du
669 1993 143 62 roi
751 1993 266 62 Stanislas
956 1993 123 62 au
1017 1993 184 62 trône
1140 1993 123 62 de
1181 1993 205 62 Pologne.

59 2041 185 56 5045.
183 2041 371 56 Pazmani
492 2041 268 56 (Pierre),
698 2041 268 56 cardinal,
904 2041 289 56 archevêque
1131 2041 124 56 de
1193 2041 289 56 Strigonie,
1399 2041 103 56 am

105 2096 297 55 bassadeur
334 2096 137 55 de
402 2096 320 55 l’empereur
654 2096 297 55 Ferdinand
883 2096 160 55 II,
974 2096 114 55 à
1020 2096 206 55 Rome,
1157 2096 229 55 primat
1317 2096 137 55 de
1363 2096 137 55 Hon-

105 2140 196 73 grie,
236 2140 262 73 écrivain
432 2140 131 73 en
498 2140 196 73 latin
629 2140 131 73 et
694 2140 131 73 en
759 2140 284 73 hongrois;
978 2140 196 73 connu
1108 2140 174 73 dans
1217 2140 131 73 la
1283 2140 218 73 guerre
1414 2140 87 73 de

106 2211 123 46 30
168 2211 164 46 ans.
271 2211 123 46 L.
332 2211 164 46 sig.
435 2211 144 46 (en
517 2211 226 46 latin),
681 2211 103 46 à
722 2211 308 46 l’empereur.
968 2211 123 46 25
1029 2211 226 46 février
1193 2211 185 46 1622.
1316 2211 103 46 2
1357 2211 144 46 gr.
1419 2211 82 46 p.

73 2245 385 54 pl.
293 2245 605 54 in-fol.
733 2245 660 54 Cachets.
1227 2245 275 54 7
1282 2245 220 54 50

61 2280 179 84 5046.
181 2280 358 84 Peirese
479 2280 139 84 (W.
559 2280 119 84 A.
618 2280 179 84 Fabri
738 2280 159 84 de),
837 2280 219 84 célèbre
996 2280 219 84 érudit,
1156 2280 299 84 antiquaire,
1375 2280 119 84 etc.

104 2341 354 51 Dissertation
392 2341 199 51 aut.,
524 2341 155 51 sur
613 2341 133 51 le
679 2341 288 51 monastère
901 2341 155 51 des
989 2341 310 51 Templiers,
1232 2341 111 51 à
1255 2341 243 51 Fontaine-

104 2389 254 58 l’Evêque
294 2389 169 58 près
400 2389 212 58 Rhiez,
548 2389 148 58 île
633 2389 127 58 de
696 2389 212 58 Sorps,
844 2389 190 58 fondé
971 2389 148 58 par
1056 2389 190 58 Fullo
1183 2389 233 58 Cailla,
1331 2389 169 58 évêque

99 2438 156 51 de
177 2438 259 51 Rhiez,
358 2438 207 51 vers
488 2438 207 51 l’an
618 2438 233 51 1200.
773 2438 130 51 1
825 2438 156 51 p.
903 2438 181 51 pl.
1006 2438 156 51 et
1084 2438 233 51 quart
1240 2438 233 51 in-4.
1395 2438 130 51 6
1421 2438 78 51 »

59 2475 166 71 5047.
169 2475 295 71 Piron
409 2475 240 71 (Alexis),
594 2475 185 71 poëte,
723 2475 185 71 auteur
852 2475 277 71 dramatique.
1074 2475 258 71 Fernand
1258 2475 240 71 Cortès

104 2543 279 55 tragédie,
318 2543 322 55 représentée
576 2543 172 55 pour
683 2543 129 55 la
748 2543 258 55 première
941 2543 172 55 fois
1048 2543 150 55 sur
1134 2543 129 55 le
1198 2543 236 55 théâtre
1370 2543 129 55 de
1413 2543 86 55 la

102 2585 479 58 Comédie-Française,
516 2585 131 58 le
582 2585 109 58 6
625 2585 240 58 janvier
800 2585 196 58 1744.
930 2585 262 58 Précédée
1127 2585 196 58 d’une
1257 2585 218 58 épître
1388 2585 109 58 (en

102 2634 205 71 vers),
246 2634 123 71 au
308 2634 144 71 roi
390 2634 287 71 d’Espagne.
616 2634 267 71 Manuscrit
821 2634 308 71 entièrement
1067 2634 123 71 de
1129 2634 123 71 la
1190 2634 164 71 main
1293 2634 123 71 de
1334 2634 164 71 Piron,

100 2684 355 55 chef-d’œuvre
388 2684 133 55 de
455 2684 377 55 calligraphie.
765 2684 133 55 95
832 2684 155 55 gr.
920 2684 133 55 p.
987 2684 133 55 et
1053 2684 200 55 demie
1187 2684 244 55 in-fol.
1342 2684 155 55 Forte

102 2735 190 63 tache
228 2735 105 63 à
271 2735 127 63 la
334 2735 190 63 marge
460 2735 295 63 extérieure
692 2735 253 63 touchant
882 2735 232 63 presque
1051 2735 211 63 toutes
1199 2735 148 63 les
1262 2735 232 63 feuilles.

60 2779 625 69 Broch.
497 2779 375 69 en
684 2779 625 69 vélin.
1121 2779 437 69 125
1309 2779 187 69 »
