1567 3038
565 93 219 88 EN
637 93 292 88 VENTE.

169 212 360 75 Catalogue
461 212 135 75 de
529 212 135 75 la
596 212 203 75 belle
731 212 135 75 et
799 212 293 75 nombreuse
1024 212 315 75 Collection
1249 212 113 75 de/

2 379 750 102 METTRHE
538 379 965 102 AUIOGRAPHHbS

136 499 530 110 MANUSCRITS
572 499 187 110 DU
665 499 280 110 COHTE
852 499 187 110 DE
915 499 467 110 RAIRABEAU

260 653 588 94 DOCUMENTS
667 653 588 94 HISTORIQUES

28 770 231 77 Sur
190 770 139 77 la
259 770 509 77 SaintesBarthélemys
699 770 139 77 la
768 770 231 77 Ligue,
930 770 139 77 la
999 770 439 77 Révolution
1346 770 139 77 etc,

333 898 182 109 DE
424 898 213 109 FEU
545 898 182 109 M.
636 898 273 109 LUCAS
819 898 182 109 DE
879 898 304 109 MONTIGNY

302 988 250 85 Conseiller
499 988 107 85 de
552 988 250 85 Préfecture
749 988 107 85 du
802 988 268 85 département
1017 988 107 85 de
1070 988 107 85 la
1106 988 125 85 Seine

81 1111 185 74 Dont
196 1111 139 74 la
266 1111 208 74 vente
404 1111 185 74 aura
520 1111 185 74 lieu
635 1111 139 74 le
704 1111 139 74 30
773 1111 208 74 avril
912 1111 185 74 1860
1027 1111 139 74 et
1097 1111 162 74 les
1189 1111 231 74 quinze
1327 1111 162 74 jours

42 1173 285 56 suivants,
262 1173 154 56 rue
349 1173 154 56 des
437 1173 373 56 Bons-Enfants,
745 1173 154 56 28,
832 1173 220 56 maison
986 1173 307 56 Silvestre,
1228 1173 198 56 salle
1359 1173 132 56 n°
1403 1173 88 56 4,

49 1223 147 59 par
133 1223 126 59 le
196 1223 274 59 ministère
407 1223 126 59 de
470 1223 126 59 he
533 1223 232 59 Perrot,
702 1223 505 59 commissaire-priseur,
1144 1223 168 59 quai
1249 1223 147 59 des
1313 1223 168 59 Augus-

45 1265 186 62 tins,
170 1265 228 62 assisté
335 1265 124 62 de
398 1265 124 62 M.
460 1265 269 62 Laverdet,
667 1265 228 62 expert,
833 1265 207 62 chargé
978 1265 124 62 de
1040 1265 124 62 la
1081 1265 166 62 vente.

88 1315 138 61 Ce
157 1315 299 61 Catalogue
387 1315 299 61 raisonné,
616 1315 161 61 qui
708 1315 276 61 comprend
915 1315 184 61 près
1030 1315 138 61 de
1099 1315 207 61 douze
1236 1315 207 61 miile
1351 1315 138 61 piè-

42 1369 165 53 ces,
146 1369 207 53 depuis
290 1369 124 53 la
352 1369 145 53 fin
435 1369 124 53 du
497 1369 165 53 XIVe
600 1369 207 53 siècle
745 1369 227 53 jusqu’à
910 1369 145 53 nos
993 1369 207 53 jours,
1138 1369 124 53 et
1200 1369 165 53 plus
1303 1369 124 53 de
1344 1369 145 53 trois

48 1415 190 52 mille
175 1415 295 52 portraits,
407 1415 190 52 forme
533 1415 127 52 un
597 1415 211 52 volume
744 1415 169 52 in-8
850 1415 127 52 de
913 1415 148 52 560
998 1415 211 52 pages,
1145 1415 127 52 en
1209 1415 190 52 petit
1314 1415 169 52 texte,

46 1454 128 75 et
110 1454 150 75 est
195 1454 128 75 du
259 1454 171 75 prix
366 1454 128 75 de
430 1454 150 75 six
516 1454 235 75 FRANcs,
687 1454 192 75 franc
815 1454 128 75 de
879 1454 171 75 port
986 1454 171 75 pour
1093 1454 128 75 la
1157 1454 214 75 France
1307 1454 128 75 et
1350 1454 128 75 l’E

30 1509 215 64 tranger.

83 1545 134 68 Il
150 1545 134 68 ne
217 1545 179 68 sera
329 1545 224 68 envoyé
486 1545 179 68 qu’à
598 1545 179 68 ceux
709 1545 157 68 qui
799 1545 336 68 adresseront
1068 1545 112 68 à
1112 1545 134 68 M.
1180 1545 291 68 LAVERDET,
1381 1545 112 68 rue

50 1600 327 81 Saint-Lazare,
319 1600 135 81 24,
396 1600 115 81 et
453 1600 231 81 franc
626 1600 115 81 de
684 1600 250 81 port
876 1600 115 81 un
934 1600 192 81 mandat
1068 1600 115 81 de
1126 1600 173 81 cette
1241 1600 173 81 somme
1356 1600 135 81 sur
1414 1600 77 81 la

43 1654 217 80 poste,
195 1654 130 80 ou
260 1654 108 80 à
303 1654 152 80 vue
390 1654 152 80 sur
455 1654 173 80 Paris.

93 1876 140 82 Par
173 1876 180 82 suite
293 1876 120 82 du
354 1876 140 82 peu
434 1876 120 82 de
494 1876 180 82 temps
614 1876 140 82 qui
694 1876 160 82 nous
794 1876 100 82 a
835 1876 140 82 été
915 1876 220 82 accordé
1075 1876 160 82 pour
1175 1876 120 82 la
1235 1876 261 82 rédaction
1416 1876 80 82 et

51 1950 308 65 l’impression
301 1950 115 65 de
359 1950 115 65 ce
416 1950 269 65 Catalogue,
628 1950 231 65 quelques
801 1950 212 65 erreurs
955 1950 289 65 inévitables
1186 1950 154 65 dans
1282 1950 115 65 un
1321 1950 173 65 travail

47 1996 178 61 aussi
166 1996 316 61 considérable
422 1996 118 61 se
481 1996 158 61 sont
580 1996 257 61 forcément
777 1996 257 61 glissées.
975 1996 197 61 Ainsi,
1113 1996 118 61 la
1172 1996 178 61 belle
1291 1996 197 61 lettre
1409 1996 79 61 de

47 2044 209 66 PRUD’HON
203 2044 122 66 (n°
273 2044 174 66 2444),
395 2044 209 66 relative
551 2044 87 66 à
586 2044 122 66 son
656 2044 174 66 projet
778 2044 104 66 de
830 2044 191 66 tableau
969 2044 104 66 de
1021 2044 157 66 la
1126 2044 226 66 Vengeance
1282 2044 209 66 divine

49 2110 279 58 poursuivant
282 2110 93 58 le
329 2110 248 58 crime.,
531 2110 78 58 2
562 2110 109 58 gr.
624 2110 93 58 p.
670 2110 109 58 pl.
732 2110 93 58 et
779 2110 140 58 quart
872 2110 186 58 in-fol.,
1012 2110 109 58 est
1074 2110 217 58 autographe
1229 2110 264 58 signée,

103 2138 148 67 Mme
187 2138 127 67 de
251 2138 275 67 MONTESSON
462 2138 148 67 (n°
547 2138 254 67 2151)...
737 2138 148 67 est
822 2138 212 67 épouse
970 2138 127 67 du
1034 2138 169 67 père
1139 2138 127 67 du
1203 2138 148 67 duc
1266 2138 233 67 d’Orléans

58 2192 262 58 (Egalité),
264 2192 112 58 et
321 2192 131 58 non
396 2192 112 58 de
452 2192 281 58 celui-ci...
677 2192 94 58 —
714 2192 225 58 BAILLEUL
883 2192 262 58 (Nicolas),
1089 2192 112 58 n°
1145 2192 150 58 143,
1239 2192 131 58 est
1314 2192 169 58 celui
1407 2192 94 58 qui

52 2250 132 52 est
127 2250 207 52 célèbre
278 2250 150 52 dans
372 2250 132 52 les
447 2250 226 52 troubles
616 2250 113 52 de
673 2250 113 52 la
729 2250 207 52 Fronde,
880 2250 113 52 et
936 2250 132 52 non
1011 2250 113 52 le
1068 2250 244 52 président
1256 2250 113 52 du
1293 2250 207 52 parlement

54 2301 102 47 de
105 2301 169 47 Paris,
223 2301 440 47 Dominique-Louis
613 2301 288 47 deBAILLEUL...
850 2301 102 47 Il
901 2301 85 47 y
934 2301 85 47 a
968 2301 203 47 quelques
1121 2301 254 47 indications
1307 2301 186 47 inexactes

54 2343 111 60 ou
109 2343 332 60 transpositions
386 2343 111 60 de
441 2343 185 60 dates,
570 2343 166 60 qu’il
681 2343 148 60 sera
773 2343 185 60 facile
902 2343 111 60 de
958 2343 240 60 rectifier
1142 2343 221 60 soi-même
1308 2343 92 60 à
1345 2343 111 60 la
1382 2343 111 60 pre-

51 2382 173 79 mière
147 2382 192 79 lecture.

50 2586 157 70 N.
154 2586 157 70 B
259 2586 104 70 M.
311 2586 209 70 Laverdet
468 2586 122 70 est
537 2586 139 70 chez
624 2586 122 70 lui
694 2586 104 70 de
746 2586 87 70 1
781 2586 157 70 heure
885 2586 87 70 à
920 2586 104 70 4,
973 2586 122 70 les
1042 2586 226 70 dimanches
1216 2586 104 70 et
1269 2586 157 70 fêtes
1356 2586 139 70 excep-

93 2633 154 62 tés;
189 2633 116 62 et
247 2633 116 62 du
305 2633 116 62 15
363 2633 174 62 avril
479 2633 116 62 au
537 2633 116 62 15
595 2633 232 62 octobre,
768 2633 135 62 les
845 2633 251 62 mercredis
1038 2633 116 62 et
1096 2633 212 62 samedis
1231 2633 232 62 seulement.

361 2783 197 82 Paris.
499 2783 98 82 —
538 2783 157 82 Typ.
637 2783 236 82 Gaittet,
814 2783 138 82 rue
892 2783 315 82 Git-le-Cœur,
1128 2783 79 82 7.
