1578 2992
669 116 181 79 —
705 116 181 79 178

141 191 335 90 explications
413 191 146 90 qui
497 191 314 90 établissent
748 191 126 90 la
811 191 272 90 nouveauté
1020 191 126 90 de
1083 191 146 90 son
1166 191 251 90 procédé.
1355 191 105 90 4
1397 191 126 90 p.
1438 191 105 90 in-

141 268 165 63 fol.
244 268 103 63 —
286 268 124 63 5°
348 268 309 63 Expériences
595 268 124 63 et
657 268 309 63 certificat.
904 268 103 63 2
945 268 124 63 p.
1007 268 227 63 in-fol.
1172 268 103 63 —
1213 268 124 63 6°
1254 268 289 63 Attestations

141 328 249 46 remises
322 328 113 46 à
367 328 136 46 la
435 328 226 46 reine.
594 328 113 46 2
639 328 136 46 p.
707 328 249 46 in-fol.
887 328 113 46 —
933 328 136 46 7°
1000 328 249 46 Mémoire
1181 328 158 46 sur
1272 328 136 46 sa
1317 328 226 46 nouvelle

136 376 286 52 méthode.
351 376 119 52 2
398 376 143 52 p.
470 376 262 52 in-fol.
661 376 119 52 —
708 376 143 52 8°
780 376 215 52 Autre
923 376 262 52 mémoire
1114 376 334 52 recommandé
1376 376 167 52 par
1448 376 95 52 la

142 403 209 67 reine.
288 403 104 67 1
330 403 125 67 p.
393 403 230 67 in-fol.
560 403 104 67 —
602 403 125 67 9°
664 403 125 67 L.
727 403 167 67 aut.
832 403 167 67 sig.
936 403 125 67 de
999 403 125 67 L.
1061 403 230 67 Maupin,
1229 403 125 67 au
1270 403 272 67 ministre...

140 466 318 54 Versailles,
394 466 127 54 30
458 466 170 54 juin
564 466 191 54 1776.
691 466 106 54 3
734 466 127 54 p.
797 466 233 54 in-fol.
967 466 106 54 —
1010 466 149 54 10°
1094 466 191 54 Autre
1222 466 255 54 Mémoire.
1391 466 149 54 1777.

143 505 96 61 1
181 505 115 61 p.
239 505 115 61 in
296 505 153 61 fol.
392 505 96 61 —
431 505 134 61 11°
507 505 211 61 Requête
661 505 96 61 à
699 505 384 61 Monsieur
1025 505 173 61 frère
1140 505 115 61 du
1198 505 153 61 Roi,
1294 505 153 61 avec
1390 505 134 61 une
1447 505 96 61 li-

139 551 153 71 gne
227 551 132 71 de
293 551 395 71 recommandation
621 551 132 71 du
687 551 241 71 prince,
862 551 110 71 à
906 551 132 71 M.
972 551 132 71 de
1038 551 263 71 Lessart.
1235 551 110 71 4
1279 551 132 71 p.
1323 551 219 71 in

141 618 158 48 12°
232 618 203 48 Autre
367 618 248 48 Mémoire
548 618 248 48 (1778),
729 618 181 48 avec
842 618 136 48 un
909 618 203 48 ordre
1045 618 136 48 de
1113 618 361 48 distribution
1384 618 158 48 d’une

142 658 361 76 gratification
439 658 127 76 de
502 658 212 76 quatre
651 658 191 76 cents
778 658 233 76 livres.
948 658 106 76 1
990 658 127 76 p.
1054 658 191 76 in-4.
1181 658 149 76 Ces
1266 658 191 76 douze
1372 658 170 76 pièces

55 709 1275 49 réunies.
1011 709 637 49 10
1223 709 319 49 »

91 754 189 53 2337.
217 754 399 53 Auguste,
553 754 210 53 prince
700 754 189 53 royal
827 754 126 53 de
890 754 231 53 Prusse.
1058 754 126 53 L.
1121 754 168 53 aut.
1226 754 189 53 sig.,
1352 754 105 53 à
1373 754 168 53 madame

138 796 138 58 la
207 796 345 58 duchesse...
483 796 230 58 Paris,
644 796 138 58 18
713 796 276 58 novembre
921 796 207 58 1815.
1059 796 115 58 1
1105 796 138 58 p.
1174 796 161 58 pl.
1266 796 207 58 in-4.
1381 796 161 58 Jolie

34 842 1384 62 lettre.
1041 842 629 62 5
1167 842 377 62 »

91 892 192 67 2338.
219 892 363 67 Balzac
518 892 235 67 (Honoré
688 892 171 67 de),
795 892 277 67 romancier
1008 892 256 67 célèbre.
1201 892 128 67 L.
1265 892 171 67 aut.
1371 892 192 67 sig.,
1478 892 64 67 à

133 948 165 53 M.
216 948 276 53 Sofka.
409 948 138 53 6
464 948 221 53 mars
602 948 248 53 1842.
768 948 138 53 2
823 948 165 53 p.
906 948 193 53 pl.
1016 948 165 53 et
1099 948 248 53 demie
1264 948 248 53 in-8.
1430 948 138 53 6
1457 948 83 53 »

187 1002 125 48 Au
250 1002 187 48 sujet
375 1002 125 48 de
437 1002 167 48 sept
541 1002 187 48 loges
666 1002 187 48 qu’il
791 1002 146 48 lui
875 1002 187 48 offre
999 1002 167 48 pour
1104 1002 146 48 des
1187 1002 312 48 princesses,
1416 1002 125 48 com-

143 1036 191 56 tesses
276 1036 286 56 polonaises,
505 1036 153 56 pour
601 1036 114 56 la
658 1036 229 56 première
830 1036 343 56 représentation
1116 1036 114 56 de
1154 1036 324 56 Quinola

93 1074 169 78 2339.
206 1074 357 78 Baronius
507 1074 132 78 (le
582 1074 226 78 cardinal
751 1074 207 78 César),
902 1074 188 78 appelé
1033 1074 113 78 le
1090 1074 207 78 Père
1240 1074 132 78 des
1297 1074 244 78 Annales

144 1146 515 55 ecelésiastiques,
603 1146 221 55 disciple
769 1146 110 55 et
824 1146 257 55 successeur
1026 1146 129 55 (en
1100 1146 165 55 1593)
1210 1146 110 55 de
1265 1146 165 55 saint
1357 1146 184 55 Philippe

142 1177 120 61 de
202 1177 180 61 Néri,
322 1177 260 61 fondateur
522 1177 120 61 de
582 1177 280 61 l’Oratoire
802 1177 260 61 d’Italie,
1001 1177 360 61 bibliothécaire
1301 1177 120 61 du
1341 1177 200 61 Vatican.

145 1231 125 64 L.
208 1231 166 64 aut.
312 1231 187 64 sig.,
436 1231 125 64 au
499 1231 166 64 père
603 1231 229 64 Jacques
769 1231 250 64 Sirmond.
957 1231 250 64 Ferrare,
1144 1231 125 64 28
1206 1231 166 64 juin
1310 1231 187 64 1598.
1435 1231 104 64 1
1456 1231 83 64 p.

102 1278 403 63 pl.
333 1278 633 63 in-fol.
793 1278 633 63 Cachet.
1253 1278 345 63 15
1368 1278 173 63 »

94 1317 184 71 2340.
216 1317 428 71 Battifolle
583 1317 306 71 (Francesco,
828 1317 184 71 comte
950 1317 163 71 de),
1052 1317 224 71 dernier
1216 1317 245 71 seigneur
1399 1317 122 71 de
1440 1317 102 71 Ca

139 1373 251 56 sentino.
327 1373 125 56 L.
390 1373 167 56 aut.
494 1373 167 56 sig.
598 1373 146 56 (en
682 1373 271 56 italien).
891 1373 230 56 Puppii,
1058 1373 125 56 26
1120 1373 167 56 août
1225 1373 188 56 1428.
1350 1373 104 56 1
1392 1373 125 56 p.
1434 1373 104 56 pl.

136 1429 194 52 in-8
257 1429 146 52 en
330 1429 291 52 travers,
548 1429 218 52 trace
694 1429 146 52 de
767 1429 267 52 cachet,
961 1429 218 52 bonne
1106 1429 412 52 conservation.
1446 1429 121 52 6
1470 1429 73 52 »

94 1460 189 80 2341.
220 1460 420 80 Béranger,
577 1460 189 80 notre
703 1460 189 80 poëte
830 1460 273 80 national.
1040 1460 126 80 L.
1103 1460 168 80 aut.
1208 1460 189 80 sig.,
1334 1460 105 80 à
1376 1460 126 80 M.
1418 1460 126 80 Mon

128 1523 389 56 tandon.
411 1523 212 56 11
517 1523 424 56 février.
835 1523 177 56 1
906 1523 212 56 p.
1012 1523 248 56 pl.
1153 1523 318 56 in-8.
1365 1523 177 56 3
1401 1523 141 56 50

95 1544 165 90 2342.
205 1544 311 90 Bixio,
461 1544 293 90 représentant
699 1544 110 90 du
754 1544 293 90 Doubs
992 1544 92 90 à
1029 1544 275 90 l’Assemblée
1249 1544 293 90 constituante
1469 1544 73 90 de

138 1611 235 62 1848.
294 1611 156 62 L.
372 1611 208 62 aut.
503 1611 235 62 sig.,
659 1611 130 62 à
711 1611 182 62 son
815 1611 391 62 collègue...
1128 1611 130 62 1
1180 1611 156 62 p.
1258 1611 235 62 in-8.
1415 1611 130 62 1
1441 1611 104 62 50

97 1638 171 86 2343.
211 1638 381 86 Bollandus
535 1638 209 86 (Jean),
687 1638 190 86 auteur
820 1638 114 86 de
878 1638 114 86 la
935 1638 267 86 collection
1144 1638 133 86 des
1220 1638 228 86 Actes
1373 1638 171 86 des

141 1707 208 65 vies
292 1707 132 65 des
368 1707 284 65 saints
595 1707 114 65 L.
652 1707 151 65 aut.
746 1707 151 65 sig.
841 1707 132 65 (en
917 1707 208 65 latin),
1068 1707 114 65 au
1125 1707 151 65 Père
1219 1707 227 65 François
1371 1707 170 65 Annato,

141 1764 103 68 à
183 1764 371 68 Tolosa
492 1764 227 68 Anvers,
657 1764 124 68 12
719 1764 247 68 novembre
904 1764 186 68 1843.
1028 1764 103 68 2
1069 1764 144 68 gr.
1151 1764 124 68 p.
1213 1764 144 68 pl.
1296 1764 227 68 in-fol.
1440 1764 103 68 Ca-

19 1802 1245 62 chet.
849 1802 830 62 14
1125 1802 415 62 »

91 1834 184 76 2344.
213 1834 389 76 Bourgoin
541 1834 184 76 (Mlle
663 1834 614 76 Marie-Thérèse-Etiennette),
1216 1834 225 76 célèbre
1359 1834 184 76 actrice

142 1899 122 60 de
203 1899 122 60 la
263 1899 446 60 Comédie-Française.
648 1899 122 60 L.
709 1899 162 60 aut.
810 1899 182 60 sig.:
932 1899 385 60 Thérèse,
1256 1899 101 60 à
1296 1899 122 60 M.
1337 1899 203 60 Antoine.

143 1951 271 74 Charonne,
352 1951 125 74 17
414 1951 250 74 frimaire
602 1951 125 74 an
664 1951 167 74 VII.
768 1951 104 74 1
810 1951 125 74 p.
872 1951 188 74 in-4.
997 1951 333 74 Rare
1268 1951 208 74 Portr.
1393 1951 146 74 lith.

107 2002 583 56 In-fol.
531 2002 477 56 Jolie
850 2002 583 56 lettre.
1274 2002 318 56 16
1380 2002 159 56 »

87 2046 208 72 2345.
225 2046 692 72 Brunswiek-Lunebourg
825 2046 715 72 (Charles

140 2098 153 62 duc
228 2098 175 62 de),
337 2098 197 62 neveu
469 2098 132 62 de
535 2098 482 62 Frédéric-le-Grand,
951 2098 153 62 roi
1039 2098 132 62 de
1105 2098 241 62 Prusse,
1280 2098 241 62 général
1433 2098 110 62 cé-

142 2132 212 71 lèbre.
290 2132 190 71 Pièce
417 2132 169 71 sig.
523 2132 127 71 en
586 2132 212 71 faveur
734 2132 127 71 de
798 2132 127 71 M.
861 2132 127 71 le
925 2132 190 71 comte
1051 2132 233 71 Etienne
1221 2132 127 71 de
1284 2132 212 71 Damas,
1411 2132 127 71 qui,

139 2196 248 64 pendant
320 2196 135 64 la
388 2196 226 64 guerre
546 2196 226 64 contre
704 2196 135 64 la
771 2196 248 64 France,
952 2196 113 64 a
997 2196 293 64 entretenu
1223 2196 135 64 un
1291 2196 271 64 régiment
1471 2196 68 64 à

138 2247 158 57 ses
229 2247 226 57 frais.
387 2247 316 57 Brunswick,
635 2247 158 57 14,
725 2247 181 57 mars
838 2247 203 57 1803.
974 2247 113 57 1
1019 2247 135 57 p.
1087 2247 248 57 in-fol.
1267 2247 248 57 Cachet.
1448 2247 113 57 5
1470 2247 68 57 »

90 2260 192 83 2346.
218 2260 448 83 Cambacérès
602 2260 213 83 (J.-J.
751 2260 192 83 Régis
879 2260 171 83 de),
986 2260 149 83 duc
1071 2260 128 83 de
1135 2260 213 83 Parme,
1264 2260 277 83 archi

142 2342 206 57 celier
286 2342 123 57 de
348 2342 247 57 l’Empire
533 2342 267 57 français.
738 2342 123 57 L.
800 2342 164 57 aut.
903 2342 185 57 sig.,
1026 2342 103 57 à
1067 2342 123 57 M.
1129 2342 123 57 de
1191 2342 267 57 Carrière.
1376 2342 164 57 Paris,

137 2376 153 71 12
213 2376 331 71 septembre
468 2376 229 71 1786.
620 2376 127 71 1
671 2376 153 71 p.
748 2376 153 71 et
824 2376 229 71 demie
977 2376 229 71 in-4.
1130 2376 356 71 Très-rare.
1410 2376 153 71 25
1461 2376 76 71 »

188 2418 124 78 Il
250 2418 331 78 l’entretient
519 2418 124 78 de
581 2418 124 78 la
643 2418 186 78 grâce
768 2418 145 78 que
850 2418 124 78 le
912 2418 145 78 roi
995 2418 186 78 vient
1119 2418 124 78 de
1181 2418 145 78 lui
1243 2418 290 78 accorder....

141 2468 133 64 M.
207 2468 244 64 Dupaty,
385 2468 289 64 président
607 2468 111 64 a
652 2468 244 64 Mortier
829 2468 133 64 au
896 2468 289 64 Parlement
1118 2468 133 64 de
1185 2468 289 64 Bordeaux,
1407 2468 111 64 a
1429 2468 111 64 été

139 2520 241 63 décrêté
314 2520 372 63 d’ajournement
620 2520 306 63 personnel,
861 2520 109 63 à
905 2520 197 63 cause
1036 2520 175 63 d’un
1145 2520 284 63 excellent
1342 2520 197 63 Mémoire

138 2569 200 61 qu’il
271 2569 200 61 avait
405 2569 245 61 répandu
583 2569 133 61 en
649 2569 222 61 faveur
805 2569 156 61 des
894 2569 200 61 trois
1027 2569 200 61 roués
1161 2569 289 61 condamnés
1383 2569 156 61 par
1450 2569 89 61 le

139 2627 268 56 Parlement
345 2627 123 56 de
407 2627 206 56 Paris.
551 2627 123 56 Il
613 2627 103 56 a
654 2627 165 56 subi
757 2627 165 56 hier
860 2627 144 56 son
942 2627 391 56 interrogatoire,
1271 2627 123 56 et
1333 2627 123 56 le
1374 2627 165 56 Parle-

141 2663 169 76 ment
247 2663 106 76 a
289 2663 212 76 décidé
437 2663 191 76 qu’il
565 2663 360 76 comparaîtrait
861 2663 127 76 en
925 2663 169 76 robe
1031 2663 275 76 d’avocat,
1242 2663 127 76 et
1306 2663 148 76 non
1391 2663 127 76 en
1433 2663 106 76 si-

136 2724 205 53 marre
273 2724 137 53 de
319 2724 342 53 président....

93 2736 183 94 2347.
215 2736 387 94 Casanova
540 2736 305 94 (François),
784 2736 224 94 peintre
947 2736 142 94 de,
1028 2736 264 94 batailles
1232 2736 122 94 et
1273 2736 264 94 paysagiste,

134 2817 242 79 membre
303 2817 145 79 de
376 2817 339 79 l’ancienne
643 2817 291 79 Académie
861 2817 145 79 de
933 2817 291 79 peinture
1151 2817 145 79 de
1224 2817 267 79 France.
1418 2817 145 79 Né
1466 2817 73 79 à
