1564 2921
607 69 174 85 —
642 69 174 85 181

72 150 347 79 Saint-Jean
345 150 149 79 de
419 150 396 79 Jérusalem...
741 150 272 79 Données
939 150 149 79 au
1013 150 198 79 camp
1137 150 248 79 devant
1285 150 198 79 Rouen,

73 220 222 50 avril
222 220 222 50 1591.
370 220 222 50 Belle
518 220 222 50 pièce
666 220 173 50 sur
765 220 346 50 parchemin,
1037 220 222 50 grand
1185 220 272 50 in-fol.
1383 220 124 50 8
1408 220 74 50 »

26 248 176 87 2372
136 248 485 87 Hensehenius
555 248 353 87 (Godeffroy),
842 248 243 87 jésuite
1019 248 265 87 flamand,
1217 248 132 87 un
1283 248 154 87 des
1350 248 132 87 pre

78 316 183 81 miers
199 316 345 81 Bollandistes.
484 316 122 81 L.
544 316 162 81 aut.
646 316 162 81 sig.
747 316 142 81 (en
829 316 223 81 latin),
991 316 122 81 au
1052 316 162 81 Père
1153 316 244 81 Philippe
1316 316 162 81 Labbe.

61 358 380 61 Anvers,
338 358 207 61 12
442 358 277 61 août
615 358 311 61 1666.
822 358 173 61 1
891 358 207 61 p.
995 358 242 61 pl.
1133 358 311 61 in-4.
1341 358 173 61 5
1375 358 104 61 »

26 401 187 68 2373.
151 401 373 68 Holland
461 401 228 68 (lord),
627 401 207 68 auteur
772 401 124 68 de
835 401 249 68 Mémoires
1021 401 145 68 sur
1104 401 187 68 Lopez
1228 401 124 68 de
1290 401 187 68 Véga.
1394 401 83 68 L.

72 456 172 77 aut.
180 456 172 77 sig.
288 456 129 77 (à
352 456 129 77 la
417 456 129 77 3e
482 456 280 77 personne,
697 456 129 77 en
761 456 280 77 anglais),
977 456 108 77 à
1020 456 129 77 M.
1084 456 280 77 Frédérick
1278 456 194 77 Storin.

65 504 375 59 Brighton,
353 504 173 59 27
440 504 231 59 nov.
584 504 259 59 1833.
757 504 144 59 2
814 504 173 59 p.
901 504 173 59 et
987 504 259 59 demie
1160 504 259 59 in-8.
1333 504 144 59 3
1362 504 115 59 50

23 530 195 78 2374.
153 530 455 78 Holstenius
543 530 260 78 (Lucas),
738 530 260 78 chanoine
933 530 130 78 de
998 530 346 78 Saint-Pierre
1279 530 130 78 de
1322 530 152 78 Rome,

71 598 191 67 garde
198 598 128 67 de
262 598 128 67 la
326 598 340 67 Bibliothèque
603 598 128 67 du
666 598 255 67 Vatican.
858 598 128 67 L.
922 598 213 67 latine
1071 598 170 67 aut.
1177 598 191 67 sig.,
1305 598 128 67 au
1347 598 128 67 Père

66 651 238 50 Jacques
239 651 260 50 Sirmond.
434 651 195 50 Rome,
564 651 130 50 10
629 651 195 50 sept.
759 651 195 50 1650.
889 651 108 50 3
932 651 151 50 gr.
1019 651 130 50 p.
1083 651 151 50 pl.
1170 651 195 50 in-4.
1278 651 195 50 Cachet.

15 693 1306 53 Intéressante.
1091 693 384 53 7
1168 693 307 53 50

22 721 201 91 2375.
155 721 334 91 Hugo
423 721 245 91 médecin
601 721 312 91 hanovrien.
847 721 134 91 L.
914 721 178 91 aut.
1025 721 201 91 sig.,
1159 721 111 91 à
1203 721 134 91 M.
1248 721 223 91 Hanover,

67 785 148 61 19
141 785 197 61 mars
264 785 222 61 1717.
412 785 123 61 2
461 785 148 61 p.
535 785 172 61 pl.
634 785 222 61 in-4.
782 785 320 61 Médicale.
1028 785 419 61 Intéressante.
1373 785 123 61 3
1397 785 74 61 »

21 825 192 71 2376.
148 825 405 71 Humboldt
489 825 149 71 (le
574 825 192 71 baron
702 825 277 71 Alexandre
915 825 170 71 de),
1022 825 234 71 savant,
1171 825 298 71 naturaliste,

67 885 286 57 voyageur.
287 885 132 57 L.
353 885 176 57 aut.
463 885 198 57 sig.,
595 885 110 57 à
639 885 132 57 M.
705 885 198 57 Gide.
836 885 242 57 Berlin,
1012 885 132 57 22
1078 885 176 57 août
1188 885 198 57 1834.
1298 885 176 57 Cachet

65 932 181 52 (les
178 932 226 52 marges
337 932 249 52 brisées
518 932 136 52 en
586 932 294 52 plusieurs
812 932 271 52 endroits
1016 932 158 52 par
1106 932 136 52 le
1174 932 271 52 cachet).
1378 932 113 52 2
1400 932 68 52 »

20 975 167 69 2377.
132 975 315 69 Joanny
391 975 315 69 (Jean-Bernard
650 975 426 69 Brissebarre
1020 975 167 69 dit),
1131 975 185 69 acteur
1242 975 222 69 sociétaire

68 1026 135 54 du
135 1026 471 54 Théatre-Français.
539 1026 135 54 Né
606 1026 135 54 en
673 1026 202 54 1775.
808 1026 179 54 Mort
920 1026 135 54 en
965 1026 157 54 1849.

117 1063 124 76 1°
179 1063 124 76 L.
241 1063 165 76 aut.
344 1063 186 76 sig.,
468 1063 103 76 à
510 1063 144 76 son
592 1063 144 76 ami
675 1063 227 76 Gouget.
840 1063 186 76 1840.
964 1063 103 76 1
1005 1063 124 76 p.
1067 1063 186 76 in-4.
1191 1063 206 76 Portr.
1315 1063 144 76 in

113 1120 131 56 2°
179 1120 153 56 Ses
266 1120 219 56 œuvres
419 1120 284 56 poétiques
638 1120 153 56 (la
725 1120 240 56 plupart
900 1120 306 56 inédites),
1140 1120 306 56 comprenant
1359 1120 109 56 les

67 1170 258 63 Loisirs
269 1170 148 63 d’un
362 1170 332 63 vieillard
638 1170 240 63 disposées
823 1170 148 63 pour
915 1170 111 63 la
970 1170 295 63 publication,
1210 1170 203 63 formant
1339 1170 129 63 (avec

64 1216 153 59 les
152 1216 241 59 titres,
327 1216 394 59 avertissements
655 1216 131 59 et
721 1216 241 59 tables)
896 1216 153 59 280
983 1216 197 59 pages
1115 1216 241 59 in-fol;
1290 1216 109 59 —
1312 1216 153 59 plus,

66 1276 155 56 une
155 1276 178 56 même
266 1276 200 56 table
399 1276 155 56 des
488 1276 289 56 matières,
710 1276 178 56 avis
821 1276 111 56 à
865 1276 355 56 l’imprimeur,
1154 1276 178 56 avec
1265 1276 133 56 le
1310 1276 155 56 sujet

65 1314 149 50 des
150 1314 255 50 gravures
341 1314 149 50 qui
425 1314 297 50 pourraient
659 1314 170 50 être
765 1314 191 50 mises
892 1314 106 50 à
935 1314 212 50 chaque
1083 1314 276 50 chapitre,
1295 1314 106 50 4
1316 1314 149 50 gran-

64 1360 134 63 des
140 1360 172 63 pages
255 1360 210 63 pleines
407 1360 229 63 in-fol.,
579 1360 248 63 terminées
770 1360 134 63 par
846 1360 115 63 la
904 1360 153 63 date
999 1360 115 63 de
1056 1360 344 63 janvier
1323 1360 134 63 1848.

63 1409 97 55 —
101 1409 310 55 L'Emeute,
353 1409 116 55 et
411 1409 194 55 autres
547 1409 194 55 pièces
682 1409 349 55 relatives
973 1409 116 55 12
1031 1409 213 55 grandes
1186 1409 174 55 pages
1283 1409 174 55 in

59 1453 136 56 21
127 1453 272 56 décembre
331 1453 204 56 1848;
467 1453 113 56 —
512 1453 136 56 et
580 1453 136 56 12
648 1453 204 56 pages
784 1453 136 56 de
852 1453 181 56 vers
965 1453 136 56 et
1033 1453 204 56 notes
1169 1453 317 56 détachées.
1395 1453 68 56 —

59 1503 161 61 Ces
151 1503 161 61 296
243 1503 207 61 pages
381 1503 184 61 sont
496 1503 368 61 autographes.
796 1503 115 61 —
842 1503 184 61 Nous
957 1503 207 61 avons
1095 1503 253 61 ajouté,
1279 1503 138 61 du
1325 1503 138 61 même

61 1558 211 55 auteur,
214 1558 115 55 et
272 1558 230 55 imprimé:
444 1558 326 55 Biographie
713 1558 345 55 véridique
1001 1558 115 55 ou
1058 1558 230 55 histoire
1231 1558 153 55 d’un
1308 1558 153 55 pauvre

60 1599 230 78 acteur,
227 1599 209 78 écrite
374 1599 146 78 par
457 1599 251 78 lui-même
646 1599 146 78 (en
729 1599 209 78 vers).
876 1599 209 78 Paris,
1022 1599 188 78 1845.
1147 1599 125 78 24
1210 1599 188 78 pages
1315 1599 146 78 in

60 1645 170 71 avec
166 1645 148 71 une
251 1645 170 71 page
357 1645 127 71 et
420 1645 191 71 demie
547 1645 170 71 aut.
653 1645 297 71 d’addition
887 1645 170 71 pour
993 1645 148 71 une
1077 1645 254 71 nouvelle
1247 1645 212 71 édition.

59 1714 99 66 —
99 1714 257 66 Epître
296 1714 118 66 en
355 1714 158 66 vers
454 1714 99 66 à
494 1714 197 66 Arnal,
632 1714 138 66 par
711 1714 118 66 un
770 1714 336 66 ex-sociétaire
1046 1714 118 66 du
1086 1714 375 66 Théâtre

48 1758 480 45 cais
438 1758 300 45 Paris,
648 1758 270 45 1846.
829 1758 180 45 24
919 1758 270 45 pages
1099 1758 270 45 in-8.
1279 1758 210 45 150
1369 1758 90 45 »

12 1789 189 54 2378.
138 1789 273 54 Joseph
348 1789 231 54 II,
516 1789 252 54 empereur
705 1789 315 54 d’Autriche.
958 1789 126 54 L.
1021 1789 189 54 sig.,
1147 1789 147 54 aux
1210 1789 252 54 commissai-

57 1848 151 56 res
144 1848 151 56 des
230 1848 367 56 liquidations,
532 1848 173 56 pour
640 1848 194 56 faire
770 1848 194 56 payer
899 1848 367 56 immédiatemeut
1201 1848 129 56 en
1244 1848 216 56 Lorraine

57 1886 133 54 la
123 1886 199 54 somme
256 1886 133 54 de
323 1886 155 54 six
411 1886 199 54 cents
544 1886 199 54 mille
677 1886 244 54 livres,
855 1886 177 54 etc.
965 1886 244 54 Vienne,
1143 1886 133 54 22
1209 1886 177 54 mars
1298 1886 155 54 1766.

54 1934 108 54 2
98 1934 151 54 gr.
184 1934 130 54 p.
249 1934 238 54 in-fol.
422 1934 238 54 (papier
595 1934 130 54 de
659 1934 238 54 deuil),
832 1934 216 54 sceau.
984 1934 194 54 Port.
1113 1934 194 54 gravé
1243 1934 194 54 in-8.
1373 1934 108 54 5
1394 1934 65 54 »

9 1976 201 71 2379.
143 1976 626 71 Kaunitz-lkietberg
701 1976 358 71 (Vinceslas),
992 1976 246 71 célèbre
1171 1976 201 71 homme
1282 1976 179 71 d’Etat

57 2029 310 83 autrichien.
305 2029 186 83 Pièce
429 2029 289 83 officielle
656 2029 165 83 sig.
759 2029 227 83 Vienne,
924 2029 124 83 15
986 2029 227 83 octobre
1151 2029 186 83 1762.
1275 2029 103 83 1
1317 2029 124 83 p.
1358 2029 103 83 in-

-4 2073 650 61 fol.
402 2073 894 61 Cachet.
1053 2073 406 61 2
1134 2073 325 61 50

9 2123 169 65 2380.
122 2123 358 65 Lagrange
423 2123 264 65 (Charles),
631 2123 188 65 député
762 2123 113 65 de
819 2123 113 65 la
875 2123 301 65 Seine
1120 2123 94 65 à
1158 2123 282 65 l’Assemblée
1365 2123 94 65 na

57 2172 247 85 tionale
236 2172 135 85 de
304 2172 202 85 1848.
439 2172 225 85 Billet
596 2172 180 85 aut.
709 2172 202 85 sig.,
844 2172 112 85 à
889 2172 135 85 M.
956 2172 135 85 Le
1024 2172 292 85 Vaillant.
1249 2172 112 85 1
1294 2172 135 85 p.
1339 2172 112 85 pl.

-50 2225 1258 61 in-12.
831 2225 629 61 2
957 2225 503 61 50

8 2249 181 75 2381.
129 2249 402 75 Lamennais
470 2249 221 75 (l’abbé
631 2249 121 75 F.
692 2249 161 75 de),
792 2249 221 75 célèbre
953 2249 302 75 publiciste.
1195 2249 121 75 L.
1255 2249 161 75 aut.
1335 2249 121 75 sig.

59 2312 110 55 de
114 2312 129 55 ses
187 2312 257 55 initiales:
390 2312 184 55 Fi.
518 2312 184 55 L
647 2312 110 55 (à
702 2312 129 55 Mme
776 2312 110 55 J.
831 2312 239 55 Clément).
1015 2312 184 55 Paris,
1143 2312 110 55 28
1199 2312 202 55 octobre
1327 2312 129 55 1842.

21 2359 276 67 3
131 2359 331 67 p.
297 2359 387 67 pl.
518 2359 497 67 petit
849 2359 497 67 in-8.
1181 2359 331 67 10
1291 2359 166 67 »

101 2405 272 63 Nouvelles
311 2405 126 63 de
373 2405 126 63 sa
436 2405 210 63 santé.
583 2405 126 63 Il
646 2405 147 63 est
730 2405 168 63 vrai
834 2405 147 63 que
918 2405 147 63 ses
1002 2405 210 63 forces
1149 2405 147 63 ont
1233 2405 168 63 bien
1316 2405 147 63 dimi-

56 2469 175 62 nué,
166 2469 131 62 «à
231 2469 241 62 raison,
406 2469 131 62 je
472 2469 219 62 crois,
625 2469 131 62 du
691 2469 328 62 délabrement
954 2469 131 62 de
1019 2469 306 62 l’estomac,
1260 2469 197 62 suite
1369 2469 88 62 de

56 2520 149 51 «ce
141 2520 170 51 long
247 2520 212 51 séjour
396 2520 149 51 que
481 2520 170 51 j’ai
587 2520 170 51 fait
693 2520 127 51 en
757 2520 234 51 prison.
927 2520 127 51 Je
991 2520 127 51 ne
1054 2520 170 51 m’en
1161 2520 276 51 remettrai
1352 2520 106 51 ja-

56 2560 255 57 «mais...
247 2560 128 57 La
311 2560 276 57 politique
523 2560 191 57 dort.
651 2560 170 57 Elle
757 2560 128 57 ne
821 2560 128 57 se
885 2560 298 57 réveillera
1119 2560 170 57 qu’à
1225 2560 128 57 la
1268 2560 191 57 rentrée

54 2600 184 61 «des
169 2600 299 61 Chambres,
399 2600 138 61 où
468 2600 138 61 se
537 2600 253 61 passera
721 2600 138 61 de
791 2600 253 61 nouveau
975 2600 345 61 l’éternelle
1228 2600 230 61 question

51 2662 156 61 «de
140 2662 223 61 savoir
296 2662 156 61 qui
386 2662 201 61 tuera
520 2662 134 61 la
587 2662 246 61 France,
766 2662 134 61 de
833 2662 134 61 M.
900 2662 246 61 Guizot,
1078 2662 134 61 de
1145 2662 134 61 M.
1212 2662 246 61 Thiers,
1369 2662 89 61 ou

51 2712 159 46 «de
142 2712 136 46 M.
210 2712 204 46 Molé.
347 2712 136 46 Ls
415 2712 159 46 Ph.
506 2712 159 46 est
597 2712 182 46 pour
710 2712 182 46 nous
824 2712 136 46 ce
892 2712 273 46 qu’étoit
1096 2712 250 46 Charles
1278 2712 136 46 II
1324 2712 136 46 pour

52 2748 395 87 «l’Angleterre.
382 2748 132 87 Il
447 2748 176 87 nous
557 2748 198 87 vend,
689 2748 176 87 nous
799 2748 198 87 livre
931 2748 110 87 à
975 2748 286 87 celle-ci,
1194 2748 198 87 comme
1304 2748 154 87 Char
