1579 2849
649 34 179 82 —
685 34 179 82 190

84 124 177 79 2458.
202 124 334 79 Vendée
478 124 236 79 (Guerres
655 124 118 79 de
714 124 157 79 la).
812 124 118 79 L.
871 124 157 79 aut.
969 124 157 79 sig.
1068 124 118 79 de
1127 124 197 79 Félix,
1264 124 256 79 président
1441 124 79 79 de

130 184 125 58 la
193 184 291 58 commission
421 184 291 58 militaire,
650 184 146 58 aux
733 184 353 58 républicains,
1024 184 146 58 ses
1107 184 291 58 collègues.
1315 184 208 58 Quartier

132 244 239 57 général
306 244 130 57 de
371 244 239 57 Saumur,
545 244 130 57 le
610 244 152 57 1er
697 244 239 57 octobre
871 244 195 57 1793.
1001 244 109 57 4
1044 244 152 57 gr.
1131 244 130 57 p.
1196 244 152 57 pl.
1283 244 195 57 in-4.
1413 244 130 57 10
1457 244 65 57 »

178 289 273 54 Nouvelles
388 289 147 54 des
472 289 189 54 trois
598 289 420 54 déroutes-fatales
955 289 147 54 que
1039 289 147 54 les
1123 289 210 54 armées
1249 289 273 54 républicai-

132 341 152 47 nes
219 341 239 47 viennes
393 341 326 47 d’éprouver,
654 341 130 47 la
719 341 261 47 première
915 341 109 47 à
958 341 196 47 Coron
1088 341 152 47 (le
1175 341 130 47 19
1241 341 239 47 sept.),
1393 341 130 47 com-

134 379 217 61 mandée
286 379 152 61 par
373 379 174 61 Joly
482 379 174 61 sous
590 379 152 61 les
677 379 217 61 ordres
829 379 130 61 de
894 379 282 61 Santerre;
1111 379 130 61 la
1177 379 239 61 seconde
1350 379 130 61 au
1394 379 130 61 pont

135 426 134 59 de
202 426 157 59 Cé,
291 426 291 59 commandée
515 426 157 59 par
605 426 246 59 Dutruy,
784 426 179 59 sous
896 426 157 59 les
986 426 224 59 ordres
1142 426 134 59 de
1209 426 246 59 Duhoux,
1389 426 134 59 et
1433 426 90 59 la

135 483 308 49 troisième,
377 483 176 49 près
487 483 242 49 Nantes,
664 483 286 49 commandée
884 483 154 49 par
972 483 264 49 Beisser,
1170 483 176 49 sous
1281 483 154 49 les
1347 483 176 49 ordres

137 521 132 56 de
203 521 132 56 Du
269 521 243 56 Bayet..
446 521 199 56 Longs
578 521 243 56 détails
755 521 154 56 sur
843 521 154 56 ces
931 521 243 56 revers.
1108 521 265 56 Apologie
1306 521 132 56 de
1350 521 177 56 Rossi-

137 566 186 66 gnol,
262 566 145 66 qui
344 566 145 66 est
427 566 124 66 un
489 566 373 66 sans-culottes,
800 566 311 66 républicain
1049 566 166 66 dans
1152 566 186 66 toute
1276 566 124 66 la
1339 566 186 66 force
1442 566 83 66 du

108 622 270 58 terme....

92 646 177 80 2459.
210 646 334 80 Vendée
485 646 236 80 (Guerres
662 646 118 80 de
721 646 157 80 la).
820 646 118 80 L.
878 646 157 80 aut.
977 646 157 80 sig.
1075 646 118 80 de
1134 646 197 80 Félix,
1272 646 255 80 président
1448 646 79 80 de

141 712 124 61 la
203 712 290 61 commission
431 712 290 61 militaire,
659 712 145 61 aux
742 712 352 61 républicains,
1031 712 145 61 ses
1114 712 290 61 collègues.
1321 712 207 61 Quartier

141 770 231 75 général
309 770 126 75 de
372 770 231 75 Saumur,
540 770 126 75 le
603 770 126 75 22
666 770 315 75 vendémiaire
919 770 126 75 an
982 770 147 75 II.
1066 770 105 75 2
1108 770 147 75 gr.
1192 770 126 75 p.
1255 770 231 75 in-fol.
1423 770 126 75 10
1465 770 63 75 »

189 809 173 56 Hier
297 809 194 56 matin
427 809 194 56 touts
556 809 151 56 les
642 809 237 56 esprits
815 809 237 56 étaient
988 809 302 56 consternés
1225 809 129 56 de
1290 809 129 56 la
1333 809 194 56 déroute

143 854 120 57 de
203 854 181 57 l’une
324 854 141 57 des
404 854 241 57 colonnes
585 854 120 57 de
645 854 221 57 l’armée
805 854 100 57 à
846 854 281 57 Châtillon,
1066 854 120 57 et
1127 854 120 57 de
1187 854 120 57 la
1247 854 181 57 prise
1367 854 141 57 par
1428 854 100 57 les

142 902 252 59 brigands
331 902 126 59 de
394 902 273 59 plusieurs
604 902 210 59 pièces
751 902 126 59 de
814 902 210 59 canon,
962 902 126 59 et
1025 902 189 59 d'une
1151 902 315 59 très-grande
1382 902 147 59 quan-

145 956 173 59 tité
254 956 130 59 de
319 956 260 59 chariots
513 956 238 59 chargés
687 956 130 59 de
752 956 217 59 vivres
903 956 130 59 et
968 956 130 59 de
1033 956 368 59 munitions....
1336 956 130 59 Il
1379 956 152 59 vient

143 1002 126 61 de
206 1002 252 61 recevoir
395 1002 126 61 la
458 1002 252 61 nouvelle
647 1002 147 61 que
731 1002 126 61 la
794 1002 252 61 bravoure
983 1002 126 61 et
1046 1002 357 61 l’intrépidité
1340 1002 147 61 des
1403 1002 126 61 deux

146 1051 248 57 colonnes
333 1051 352 57 républicaines
622 1051 103 57 à
664 1051 269 57 Châtillon
871 1051 145 57 ont
953 1051 207 57 repris
1098 1051 166 57 tout
1202 1051 124 57 ce
1264 1051 145 57 que
1347 1051 145 57 les
1409 1051 124 57 bri-

146 1098 186 68 gands
270 1098 228 68 avaient
436 1098 207 68 enlevé
581 1098 103 68 à
622 1098 124 68 la
684 1098 269 68 première,
891 1098 124 68 il
953 1098 186 68 s’est
1078 1098 166 68 fait
1181 1098 124 68 un
1243 1098 228 68 carnage
1388 1098 145 68 épou-

144 1160 286 43 vantable,
364 1160 132 43 et
430 1160 176 43 leur
541 1160 198 43 armée
673 1160 154 43 est
761 1160 308 43 totalement
1003 1160 132 43 en
1069 1160 308 43 déroute...
1312 1160 154 43 «Le
1378 1160 154 43 cour-

146 1206 192 51 «rier
274 1206 107 51 a
316 1206 213 51 ajouté
466 1206 192 51 qu’il
594 1206 107 51 y
636 1206 192 51 avait
764 1206 128 51 eu
828 1206 171 51 dans
935 1206 192 51 cette
1063 1206 235 51 affaire
1233 1206 128 51 10
1297 1206 107 51 à
1340 1206 128 51 12
1383 1206 149 51 mille

146 1242 286 89 «brigands
366 1242 154 89 sur
454 1242 132 89 le
520 1242 264 89 carreau,
718 1242 132 89 et
784 1242 154 89 que
871 1242 176 89 nous
981 1242 264 89 pouvions
1179 1242 198 89 avoir
1311 1242 198 89 perdu
1443 1242 110 89 2
1465 1242 66 89 à

145 1296 150 50 «3
220 1296 225 50 mille
370 1296 351 50 hommes....
621 1296 75 50 »

102 1331 163 75 2460
203 1331 346 75 Vendée
488 1331 346 75 (Insurrection
773 1331 122 75 de
835 1331 143 75 la)
916 1331 122 75 en
957 1331 244 75 1830

193 1382 423 70 Correspondance
546 1382 165 70 des
640 1382 282 70 généraux
852 1382 329 70 commandant
1111 1382 188 70 dans
1228 1382 165 70 les
1299 1382 235 70 départe-

147 1437 195 58 ments
278 1437 130 58 de
343 1437 261 58 l’Ouest,
538 1437 130 58 en
603 1437 174 58 1830
712 1437 130 58 et
777 1437 195 58 1831,
907 1437 174 58 avec
1016 1437 130 58 le
1081 1437 239 58 général
1255 1437 261 58 Mamilien
1428 1437 109 58 La-

149 1482 239 56 marque,
323 1482 130 56 74
388 1482 239 56 lettres
561 1482 304 56 comprenant
800 1482 130 56 et
865 1482 239 56 donnant
1038 1482 152 56 des
1125 1482 239 56 détails
1298 1482 173 56 d’un
1385 1482 152 56 très-

150 1525 201 66 grand
284 1525 246 66 intérêt
462 1525 156 66 sur
552 1525 156 66 les
641 1525 246 66 hommes,
820 1525 156 66 les
909 1525 223 66 choses
1066 1525 134 66 et
1133 1525 156 66 les
1222 1525 313 66 événements
1446 1525 89 66 du

137 1582 350 56 temps.
382 1582 280 56 Prix
557 1582 245 56 des
697 1582 210 56 74
802 1582 385 56 lettres
1081 1582 385 56 réunis.
1361 1582 210 56 60
1431 1582 105 56 »

199 1623 123 82 1°
261 1623 247 82 BAGNERIS
446 1623 144 82 (le
529 1623 226 82 général
693 1623 226 82 Baron).
858 1623 185 82 Seize
981 1623 226 82 lettres
1146 1623 165 82 aut.
1249 1623 185 82 sig.,
1372 1623 123 82 la
1414 1623 123 82 plu-

153 1674 171 66 part
259 1674 427 66 confidentielles.
623 1674 192 66 Auch,
751 1674 299 66 1830-1831.
986 1674 278 66 Ensemble,
1200 1674 128 66 26
1264 1674 128 66 p.
1306 1674 150 66 in

197 1724 132 88 2°
263 1724 286 88 CARDENEAU
483 1724 154 88 (le
571 1724 286 88 général),
791 1724 242 88 député.
967 1724 132 88 L.
1033 1724 176 88 aut.
1143 1724 176 88 sig.
1253 1724 198 88 Tilh,
1385 1724 110 88 5
1407 1724 132 88 mars

148 1756 205 79 1831.
285 1756 114 79 2
330 1756 137 79 p.
376 1756 159 79 in

199 1804 124 87 3°
261 1804 248 87 DARRICAU
447 1804 144 87 (le
529 1804 227 87 général
694 1804 186 87 Ch.).
818 1804 165 87 Deux
921 1804 186 87 lett.
1045 1804 165 87 aut.
1148 1804 165 87 sig.
1251 1804 186 87 Blaye
1375 1804 124 87 et
1416 1804 124 87 Bor-

153 1868 220 53 deaux,
307 1868 110 53 2
351 1868 176 53 août
460 1868 132 53 et
526 1868 132 53 11
592 1868 263 53 novembre
790 1868 198 53 1831.
921 1868 110 53 4
965 1868 132 53 p.
1009 1868 154 53 in

201 1900 126 76 4°
264 1900 231 76 DELAAGE
432 1900 147 76 (le
516 1900 252 76 général,
705 1900 231 76 baron).
873 1900 336 76 Vingt-quatre
1145 1900 231 76 lettres
1313 1900 168 76 aut.
1397 1900 147 76 sig.,

156 1958 211 67 datées
304 1958 275 67 d’Angers,
515 1958 296 67 1830-1831.
748 1958 275 67 Eusemble,
959 1958 127 67 46
1022 1958 127 67 p.
1086 1958 169 67 in-4
1192 1958 127 67 et
1234 1958 190 67 in

203 2012 126 84 5°
266 2012 293 84 DUMOUSTIER
496 2012 147 84 (le
580 2012 251 84 général,
768 2012 230 84 comte).
936 2012 188 84 Vingt
1061 2012 230 84 lettres
1229 2012 167 84 aut.
1334 2012 188 84 sig.,
1438 2012 105 84 da-

156 2056 174 60 tées
265 2056 131 60 de
331 2056 240 60 Nantes,
505 2056 240 60 Angers,
679 2056 305 60 1830-1831.
919 2056 283 60 Ensemble,
1137 2056 131 60 47
1203 2056 131 60 p.
1246 2056 153 60 in

204 2109 125 82 6°
267 2109 209 82 NOGUÈS
413 2109 146 82 (le
497 2109 272 82 général).
706 2109 167 82 Deux
810 2109 188 82 lett.
936 2109 167 82 aut.
1040 2109 167 82 sig.
1145 2109 230 82 Tarbes,
1312 2109 188 82 1830,
1437 2109 105 82 2
1458 2109 84 82 p.

160 2148 161 63 in-4
260 2148 120 63 et
320 2148 100 63 2
361 2148 120 63 p.
421 2148 120 63 et
481 2148 181 63 demie
581 2148 181 63 in

204 2191 134 75 7°
271 2191 268 75 PINOTEAU
472 2191 156 75 (le
561 2191 290 75 général).
784 2191 179 75 Deux
896 2191 201 75 lett.
1030 2191 179 75 aut.
1142 2191 179 75 sig.
1254 2191 134 75 La
1298 2191 246 75 Rochelle,

159 2239 183 70 1830.
281 2239 102 70 2
321 2239 122 70 p.
383 2239 163 70 in-4
484 2239 122 70 et
545 2239 102 70 2
586 2239 122 70 p.
627 2239 183 70 in

204 2277 123 91 8°
266 2277 226 91 PICQUET
431 2277 144 91 (le
513 2277 247 91 général,
698 2277 226 91 baron).
862 2277 123 91 L.
924 2277 123 91 a.
986 2277 123 91 s.
1048 2277 206 91 Niort,
1191 2277 185 91 1830.
1315 2277 103 91 2
1356 2277 123 91 p.
1397 2277 144 91 in

207 2345 122 56 9°
268 2345 163 56 PIRÉ
370 2345 143 56 (le
451 2345 245 56 général,
635 2345 184 56 comte
757 2345 163 56 de).
859 2345 122 56 L.
920 2345 163 56 sig.
1022 2345 184 56 1831.
1145 2345 102 56 2
1185 2345 122 56 p.
1226 2345 143 56 in

208 2392 149 68 10°
293 2392 319 68 VAUDONCOURT
548 2392 149 68 (le
633 2392 234 68 gènéral
803 2392 170 68 de).
910 2392 170 68 Cinq
1016 2392 191 68 lett.
1144 2392 170 68 aut.
1250 2392 170 68 slg.
1357 2392 191 68 Brest
1463 2392 85 68 et

158 2439 315 60 Angoulême,
406 2439 180 60 1830
519 2439 135 60 et
587 2439 203 60 1831.
722 2439 293 60 Ensemble,
947 2439 113 60 6
992 2439 135 60 p.
1037 2439 158 60 in

112 2469 187 88 2461.
237 2469 375 88 Villard
549 2469 291 88 Inspecteur
778 2469 146 88 des
862 2469 333 88 manufactures
1132 2469 125 88 de
1174 2469 229 88 Picardie.

208 2528 124 78 1°
270 2528 206 78 Exposé
414 2528 165 78 d’un
517 2528 185 78 moyen
641 2528 124 78 de
703 2528 227 78 ranimer
867 2528 309 78 l’industrie
1115 2528 288 78 nationale.
1341 2528 165 78 Aut.
1423 2528 124 78 sig.

163 2581 104 85 7
205 2581 124 85 p.
267 2581 145 85 pl.
350 2581 124 85 et
412 2581 187 85 demie
516 2581 145 85 in

208 2628 124 72 2°
270 2628 124 72 L.
332 2628 165 72 aut.
435 2628 186 72 sig.,
559 2628 103 72 à
600 2628 165 72 M...
703 2628 227 72 Amiens,
868 2628 124 72 24
930 2628 144 72 mai
1013 2628 186 72 1790.
1137 2628 103 72 2
1178 2628 124 72 p.
1240 2628 144 72 pl.
1322 2628 186 72 in-4.
1446 2628 124 72 10
1487 2628 62 72 »

210 2681 192 56 Envoi
337 2681 128 56 du
401 2681 234 56 mémoire
572 2681 149 56 qui
657 2681 255 56 précède.
848 2681 234 56 «L’état
1019 2681 298 56 désastreux
1253 2681 149 56 des
1317 2681 234 56 fabriques

167 2729 192 72 «dans
294 2729 128 72 la
358 2729 277 72 province,
571 2729 170 72 dont
677 2729 341 72 l’inspection
954 2729 149 72 lui
1039 2729 149 72 est
1124 2729 255 72 confiée:
1316 2729 234 72 l’excès
1465 2729 85 72 de
