1593 2844
688 47 251 103 191
796 47 107 103 —

92 167 249 67 «misère
273 167 181 67 sous
387 167 226 67 lequel
545 167 136 67 le
613 167 226 67 pauvre
772 167 294 67 succombe:
998 167 136 67 la
1066 167 181 67 voie
1179 167 136 67 de
1247 167 181 67 fait
1360 167 113 67 à
1383 167 113 67 la-

92 223 237 62 «quelle
265 223 129 62 le
330 223 281 62 désespoir
546 223 151 62 des
632 223 259 62 ouvriers
826 223 388 62 manufacturiers
1150 223 194 62 vient
1279 223 129 62 de
1322 223 173 62 donner

93 271 197 44 «lieu
224 271 109 44 à
268 271 306 44 Abbeville:
509 271 153 44 les
597 271 241 44 dangers
772 271 153 44 qui
859 271 285 44 résultent
1078 271 175 44 pour
1188 271 131 44 la
1253 271 219 44 sûreté
1385 271 109 44 pu-

91 314 249 60 «blique
272 314 136 60 de
340 314 158 60 cet
430 314 181 60 état
544 314 136 60 de
611 314 203 60 crise
747 314 294 60 violente,
973 314 181 60 sont
1086 314 158 60 une
1177 314 271 60 calamité
1357 314 136 60 bien

94 367 109 57 «
138 367 196 57 faite
268 367 174 57 pour
377 367 261 57 émouvoir
572 367 130 57 la
637 367 326 57 sensibilité
898 367 130 57 de
963 367 196 57 votre
1072 367 239 57 cœur....»

44 404 181 69 2462.
164 404 321 69 Virey
425 404 241 69 (J.-J.),
606 404 321 69 naturaliste.
867 404 120 69 L.
927 404 161 69 aut.
1027 404 161 69 sig.
1128 404 201 69 Paris,
1268 404 181 69 1836.
1389 404 100 69 1
1409 404 80 69 p.

-27 456 1244 55 in-4.
802 456 691 55 1
940 456 553 55 55

50 500 146 68 2463.
147 500 308 68 Voltaire
406 500 97 68 L.
455 500 130 68 aut.
536 500 130 68 sig.
617 500 227 68 V.
795 500 81 68 à
827 500 97 68 M.
876 500 291 68 Tiriot
1119 500 97 68 18
1167 500 178 68 janvier
1297 500 146 68 1739.
1394 500 81 68 4
1410 500 81 68 gr.

79 553 207 64 p.
182 553 241 64 pl.
320 553 310 64 in-4.
527 553 414 64 Parfaite
837 553 586 64 conservation.
1320 553 207 64 40
1389 553 103 64 »

140 594 204 57 Superbe
289 594 204 57 lettre,
437 594 111 57 au
492 594 167 57 sujet
603 594 111 57 du
659 594 259 57 libelle
863 594 204 57 affreux
1011 594 148 57 d’un
1103 594 296 57 scelérat
1344 594 130 57 que
1399 594 93 57 ma-

90 645 184 57 dame
205 645 138 57 Du
274 645 299 57 Chastelet
504 645 138 57 et
573 645 230 57 madame
734 645 138 57 de
803 645 299 57 Chambonin
1033 645 253 57 croyent
1217 645 207 57 qu’il
1355 645 115 57 a
1378 645 115 57 en-

87 701 184 55 voyé
202 701 115 55 à
248 701 161 55 Son
340 701 253 55 Altesse
524 701 299 55 royale...
754 701 161 55 «Je
847 701 138 55 ne
916 701 207 55 sçais
1054 701 276 55 pourquoy
1261 701 184 55 vous
1353 701 138 55 m’a-

94 749 214 59 «pellez
249 749 330 59 malheureux
521 749 117 59 et
579 749 175 59 homme
696 749 97 59 à
735 749 330 59 plaindre;
1006 749 117 59 je
1065 749 117 59 ne
1123 749 117 59 le
1181 749 155 59 suis
1259 749 233 59 assurément

90 794 212 57 «point
238 794 127 57 si
302 794 170 57 vous
408 794 170 57 êtes
514 794 127 57 un
577 794 148 57 amy
662 794 191 57 aussi
789 794 212 57 fidèle
938 794 127 57 et
1001 794 191 57 aussi
1129 794 212 57 tendre
1277 794 148 57 que
1362 794 127 57 je
1404 794 85 57 le

92 847 237 55 «crois.
265 847 129 55 Je
329 847 172 55 suis
437 847 129 55 au
502 847 280 55 contraire
717 847 345 55 très-heureux
997 847 194 55 qu’un
1127 847 259 55 scélérat
1321 847 151 55 que
1385 847 108 55 jay

91 894 222 52 «sauvé
246 894 133 52 me
313 894 200 52 mette
446 894 133 52 en
512 894 177 52 état
623 894 133 52 de
690 894 266 52 prouver,
889 894 244 52 papiers
1067 894 288 52 originaux
1288 894 133 52 en
1333 894 155 52 main,

88 938 172 58 «mes
196 938 280 58 bienfaits
411 938 129 58 et
476 938 151 58 ses
562 938 237 58 crimes,
734 938 129 58 et
799 938 129 58 je
864 938 129 58 le
928 938 258 58 remercie
1122 938 129 58 de
1187 938 237 58 m’avoir
1337 938 151 58 donné

94 982 332 59 «l’occasion
359 982 133 59 de
426 982 133 59 me
492 982 199 59 faire
625 982 310 59 connaître,
868 982 177 59 sans
979 982 199 59 qu’on
1112 982 221 59 puisse
1245 982 243 59 m’imputer

90 1038 155 57 «de
179 1038 133 57 la
245 1038 244 57 vanité.
422 1038 288 57 L’exemple
644 1038 133 57 de
711 1038 222 57 l’abbé
866 1038 244 57 Prévost
1043 1038 200 57 n’est
1177 1038 177 57 fait
1287 1038 177 57 pour
1376 1038 111 57 moy

89 1092 293 51 «d’aucune
315 1092 225 51 sorte:
472 1092 135 51 je
540 1092 270 51 souhaite
743 1092 158 51 que
833 1092 180 51 ceux
945 1092 158 51 qui
1036 1092 315 51 répondront
1283 1092 225 51 jamais
1418 1092 68 51 à

89 1131 175 50 «des
199 1131 263 50 libelles
396 1131 241 50 suivent
571 1131 153 50 mon
658 1131 241 50 exemple
833 1131 131 50 et
899 1131 219 50 soient
1052 1131 131 50 en
1118 1131 197 50 (état
1249 1131 131 50 de
1315 1131 131 50 me
1359 1131 131 50 res-

87 1188 360 56 «sembler....
380 1188 158 56 Vos
470 1188 293 56 anciennes
695 1188 248 56 lettres
875 1188 135 56 où
943 1188 180 56 vous
1055 1188 203 56 dites
1190 1188 158 56 que
1258 1188 225 56 Desfont.

90 1228 254 60 «(l’abbé
280 1228 360 60 Desfontaines)
577 1228 148 60 est
661 1228 127 60 un
725 1228 254 60 monstre,
915 1228 191 60 qu’il
1042 1228 106 60 a
1085 1228 169 60 fait
1191 1228 212 60 contre
1339 1228 148 60 moy
1402 1228 85 60 un

90 1279 233 61 «libelle
265 1279 233 61 intitulé
440 1279 292 61 Apologue
673 1279 117 61 du
731 1279 117 61 sr
790 1279 117 61 de
848 1279 136 61 V.,
926 1279 175 61 qu’il
1043 1279 97 61 a
1082 1279 156 61 fait
1179 1279 233 61 imprimer
1334 1279 156 61 la

90 1326 315 67 «Henriade
346 1326 99 67 à
386 1326 197 67 Evreux
524 1326 158 67 avec
622 1326 138 67 des
701 1326 158 67 vers
800 1326 197 67 contre
937 1326 118 67 La
997 1326 276 67 Motte
1213 1326 177 67 celle
1331 1326 118 67 où
1371 1326 118 67 vous

88 1372 215 54 «dites
239 1372 194 54 c’est
368 1372 129 54 un
433 1372 301 54 enragé....
669 1372 151 54 Jay
755 1372 172 54 fait
863 1372 194 54 assez
992 1372 129 54 de
1057 1372 172 54 bien
1164 1372 108 54 à
1207 1372 151 54 des
1272 1372 215 54 ingrats,

87 1417 178 55 «jay
198 1417 178 55 fait
309 1417 245 55 d’assez
487 1417 178 55 bons
598 1417 289 55 ouvrages,
821 1417 133 55 et
887 1417 133 55 je
954 1417 156 55 les
1043 1417 267 55 retouche
1243 1417 178 55 avec
1332 1417 156 55 assez

86 1468 356 48 «d’assiduité
375 1468 178 48 pour
486 1468 133 48 ne
553 1468 178 48 rien
664 1468 267 48 craindre
864 1468 133 48 de
931 1468 133 48 la
998 1468 289 48 postérité
1220 1468 133 48 ny
1287 1468 178 48 pour
1376 1468 111 48 mon

86 1511 203 71 «cœur
222 1511 136 71 ny
290 1511 181 71 pour
403 1511 158 71 mon
493 1511 226 71 esprit
651 1511 203 71 qu’on
787 1511 294 71 napellera
1013 1511 158 71 (ny
1103 1511 181 71 l’un
1216 1511 136 71 ny
1261 1511 226 71 l’autre)

85 1567 345 57 «paresseux.
361 1567 161 57 Jay
453 1567 207 57 assez
591 1567 207 57 damis
729 1567 138 57 et
798 1567 138 57 de
866 1567 253 57 fortune
1050 1567 184 57 pour
1165 1567 207 57 vivre
1280 1567 207 57 heureux

86 1607 200 59 «dans
219 1607 133 59 le
286 1607 200 59 temps
419 1607 267 59 présent.
620 1607 156 59 Jay
709 1607 200 59 assez
842 1607 289 59 d’orgueil
1064 1607 178 59 pour
1176 1607 267 59 mépriser
1354 1607 133 59 d’un

83 1665 254 55 «mépris
267 1665 300 55 souverain
498 1665 161 55 les
590 1665 277 55 discours
798 1665 138 55 de
867 1665 185 55 ceux
983 1665 161 55 qui
1075 1665 138 55 ne
1144 1665 138 55 me
1190 1665 300 55 connaissent

87 1704 179 63 «pas,
207 1704 179 63 etc.,
326 1704 179 63 etc.,
446 1704 159 63 etc.
525 1704 60 63 »

34 1748 195 62 2464.
164 1748 434 62 Wesselong
533 1748 325 62 (François),
794 1748 195 62 comte
924 1748 130 62 de
989 1748 195 62 Hadad
1119 1748 130 62 et
1184 1748 130 62 de
1249 1748 217 62 Muran,
1380 1748 108 62 cé

79 1800 198 52 lèbre
211 1800 242 52 palatin
387 1800 132 52 de
454 1800 264 52 Hongrie,
652 1800 242 52 général
828 1800 132 52 de
894 1800 286 52 l’Empire.
1114 1800 176 52 Mort
1225 1800 132 52 en
1291 1800 198 52 1667.
1401 1800 88 52 L.

82 1846 165 89 sig.
185 1846 144 89 (en
268 1846 226 89 latin),
432 1846 103 89 à
473 1846 309 89 l’empereur.
720 1846 103 89 5
762 1846 226 89 janvier
926 1846 185 89 1656.
1050 1846 103 89 2
1091 1846 144 89 gr.
1173 1846 123 89 p.
1235 1846 144 89 pl.
1297 1846 185 89 in

-12 1891 1271 58 Cachet.
912 1891 578 58 3
1027 1891 462 58 50

35 1937 186 64 2465.
160 1937 373 64 Wiseman
470 1937 290 64 (Nicolas),
698 1937 269 64 cardinal,
905 1937 290 64 archevêque
1133 1937 124 64 de
1195 1937 249 64 Londres.
1381 1937 124 64 Né
1423 1937 62 64 à

83 1986 223 63 Séville
245 1986 122 63 en
306 1986 183 63 1802.
427 1986 122 63 L.
488 1986 122 63 a.
549 1986 122 63 s.
610 1986 142 63 (en
691 1986 264 63 anglais).
894 1986 122 63 29
955 1986 162 63 déc.
1056 1986 183 63 1845.
1178 1986 101 63 1
1218 1986 122 63 p.
1279 1986 183 63 in-8.
1401 1986 101 63 3
1421 1986 61 63 »

34 2044 187 62 2466.
159 2044 353 62 Zasius
450 2044 333 62 (Jean-Ulrich
720 2044 166 62 de),
824 2044 291 62 conseiller
1053 2044 208 62 d’Etat
1198 2044 145 62 des
1260 2044 229 62 empereurs

83 2090 268 55 Ferdinand
290 2090 144 55 Ier
372 2090 124 55 et
434 2090 289 55 Maximilien
661 2090 144 55 II,
743 2090 103 55 a
784 2090 186 55 écrit
908 2090 144 55 sur
990 2090 144 55 les
1073 2090 165 55 lois
1176 2090 289 55 anciennes.
1382 2090 103 55 (Né

80 2136 133 49 en
146 2136 200 49 1521.
280 2136 178 49 Mort
391 2136 133 49 en
458 2136 200 49 1570.
591 2136 133 49 L.
658 2136 178 49 sig.
769 2136 156 49 (en
858 2136 311 49 allemand),
1102 2136 200 49 à....
1236 2136 200 49 1569.
1369 2136 111 49 1
1391 2136 89 49 p.

-16 2180 1273 68 in-fol.
910 2180 579 68 3
1026 2180 463 68 50

328 2276 198 94 SOUS
472 2276 180 94 PRESSE
597 2276 144 94 POUR
687 2276 215 94 PARAITRE
831 2276 359 94 PROCHAINEHENT:

32 2356 348 90 Catalogue
315 2356 196 90 d’une
446 2356 196 90 belle
576 2356 305 90 Collection
816 2356 131 90 de
881 2356 239 90 Lettres
1055 2356 370 90 autographes,
1338 2356 152 90 Ma

77 2422 234 79 nuscrits,
257 2422 234 79 Documents
437 2422 288 79 historiques,
672 2422 162 79 etc.,
780 2422 144 79 dont
870 2422 108 79 la
924 2422 162 79 vente
1032 2422 144 79 aura
1122 2422 144 79 lieu
1213 2422 126 79 fin
1285 2422 144 79 mars
1357 2422 126 79 1858,

74 2469 137 74 rue
153 2469 137 74 des
231 2469 333 74 Bons-Enfants,
505 2469 196 74 maison
623 2469 235 74 Silvestre.

74 2584 263 83 N.B
281 2584 113 83 M.
337 2584 226 83 LAVERDET
507 2584 132 83 est
582 2584 150 83 chez
676 2584 132 83 lui
751 2584 113 83 de
807 2584 94 83 1
845 2584 169 83 heure
958 2584 94 83 à
995 2584 113 83 4,
1052 2584 132 83 les
1127 2584 244 83 dimanches
1315 2584 113 83 et
1352 2584 132 83 fêtes

33 2644 241 54 exceptés,
219 2644 111 54 et
274 2644 111 54 du
330 2644 111 54 15
386 2644 167 54 avril
497 2644 111 54 au
552 2644 111 54 15
608 2644 222 54 octobre,
775 2644 130 54 les
849 2644 241 54 mersredis
1034 2644 111 54 et
1090 2644 204 54 samedis
1220 2644 222 54 seulement.

75 2685 133 92 Par
151 2685 171 92 suite
265 2685 114 92 de
322 2685 190 92 retard
456 2685 152 92 dans
551 2685 324 92 l’impression,
818 2685 114 92 ce
875 2685 190 92 numéro
1008 2685 133 92 n’a
1084 2685 133 92 été
1160 2685 248 92 distribué
1351 2685 133 92 que
1408 2685 76 92 le

31 2742 114 75 10
88 2742 210 75 février
222 2742 133 75 1858.
