1286 2071
17 14 215 89 VIENT
160 14 143 89 DE
232 14 287 89 PARAITRE
447 14 119 89 A
495 14 143 89 LA
567 14 311 89 LIBRAIRIE
806 14 287 89 CHARAVAY
997 14 215 89 FRÈRES:

17 111 319 81 Légendes
272 111 128 81 de
336 111 426 81 Fontainebleau,
698 111 149 81 par
783 111 149 81 Mme
868 111 192 81 J.-O.
975 111 234 81 Lavergne,

1086 152 130 58 3
1112 152 104 58 50

67 177 93 60 1
105 177 149 60 vol.
198 177 168 60 in-18
310 177 168 60 jésus
421 177 112 60 de
477 177 130 60 300
533 177 149 60 pages.

63 201 91 81 Ce
108 201 167 81 nouveau
230 201 152 81 volume
336 201 91 81 de
382 201 182 81 l’auteur
518 201 106 81 des
579 201 197 81 Neiges
731 201 228 81 d’antan
913 201 182 81 comprend
1050 201 152 81 quatre
1141 201 76 81 lé-

944 241 200 58 Moretta
1099 241 122 58 (histoire

471 250 70 51 —
499 250 210 51 L’ermite
667 250 84 51 de
709 250 253 51 Franchard;
906 250 56 51 —.

27 263 141 62 gendes:
130 263 205 62 Christine
296 263 77 62 de
322 263 154 62 Suède;

29 297 84 63 de
71 297 84 63 la
113 297 209 63 mystérieuse
280 297 195 63 religieuse
433 297 84 63 de
475 297 153 63 Moret);
586 297 70 63 —
600 297 279 63 Marjolaine

31 324 286 87 Giulietta
260 324 115 87 et
317 324 267 87 Romeo,
527 324 229 87 nouvelle
699 324 115 87 de
757 324 172 87 Luigi
871 324 115 87 da
929 324 191 87 Porto,
1043 324 172 87 traduc-

70 369 170 84 tion,
183 369 207 84 préface
334 369 113 84 et
390 369 170 84 notes
503 369 132 84 par
579 369 170 84 Henry
692 369 207 84 Cochin.
842 369 94 84 1
880 369 151 84 vol.
974 369 170 84 in-16
1068 369 151 84 jésus,

69 414 163 84 orné
171 414 122 84 de
232 414 163 84 deux
334 414 245 84 planches
517 414 245 84 gravées,
700 414 122 84 de
761 414 346 84 reproductions
1026 414 204 84 d’œuvres

1075 462 179 48 10
1135 462 89 48 »

69 474 170 68 d’art
183 474 113 68 et
239 474 113 68 de
296 474 265 68 monuments,
504 474 113 68 de
561 474 246 68 paysages,
731 474 113 68 etc.

1076 507 179 50 25
1136 507 89 50 »

61 520 177 66 Douze
179 520 295 66 exemplaires
416 520 138 66 sur
494 520 197 66 papier
632 520 118 66 de
672 520 157 66 Chine.

20 558 336 105 Peintres
288 558 134 105 et
355 558 313 105 statuaires
601 558 448 105 romantiques,
982 558 157 105 par
1049 558 179 105 Ernest

1101 602 128 59 3
1126 602 102 59 50

74 628 246 76 Chesneau.
263 628 94 76 1
301 628 151 76 vol.
395 628 170 76 in-18
490 628 151 76 jésus.

65 660 98 87 I.
114 660 131 87 Paul
196 660 147 87 Huet.
294 660 82 87 —
327 660 115 87 II.
392 660 115 87 Les
458 660 164 87 petits
572 660 262 87 romantiques.
785 660 164 87 Eugène
900 660 98 87 et
949 660 180 87 Achille
1063 660 164 87 Devéria,

35 700 97 80 M.
83 700 194 80 Auguste,
229 700 210 80 Poterlet,
390 700 210 80 Philippe,
552 700 210 80 Comairas,
714 700 178 80 Antonin
843 700 162 80 Moine,
956 700 242 80 Saint-Evre,
1134 700 97 80 Cha-

836 741 120 52 IV.
904 741 188 52 Auguste
1041 741 205 52 Préault.
1178 741 51 52 —

42 756 224 56 ponnière,
214 756 241 56 Grevenich.
404 756 86 56 —
438 756 138 56 III.
524 756 155 56 Louis
628 756 241 56 Boulanger.
800 756 52 56 —

44 765 101 88 V.
95 765 152 88 Jules
196 765 220 88 Klagmann.
365 765 85 88 —
399 765 118 88 VI.
467 765 203 88 Constant
619 765 237 88 Dutilleux.
805 765 85 88 —
839 765 135 88 VII.
924 765 169 88 Eugène
1025 765 203 88 Delacroix.

38 810 87 70 —
72 810 157 70 VIII.
177 810 209 70 Théodore
333 810 226 70 Rousseau.
507 810 87 70 —
542 810 122 70 IX.
612 810 174 70 Octave
733 810 226 70 Tassaert.
907 810 87 70 —
942 810 104 70 X.
977 810 261 70 Jean

20 876 140 63 Millet.

27 893 335 91 Archives
294 893 156 91 des
384 893 357 91 corporations
673 893 156 91 des
763 893 178 91 arts
874 893 134 91 et
919 893 312 91 métiers,

79 940 238 78 documents
262 940 293 78 collationnés
500 940 110 78 et
555 940 256 78 réimprimés
756 940 128 78 par
829 940 128 78 les
902 940 165 78 soins
1012 940 110 78 de
1049 940 183 78 Georges-

78 1005 237 70 Claudius
236 1005 218 70 Lavergne.

81 1029 138 91 Les
160 1029 236 91 archives
337 1029 138 91 des
416 1029 315 91 corporations
673 1029 276 91 paraissent
889 1029 138 91 par
968 1029 276 91 fascicules
1165 1029 79 91 de

44 1073 106 89 32
97 1073 159 89 pages
203 1073 212 89 environ,
362 1073 141 89 avec
450 1073 247 89 vignettes,
645 1073 159 89 têtes
750 1073 106 89 de
803 1073 177 89 pages,
927 1073 212 89 fleurons
1086 1073 106 89 et
1121 1073 106 89 fac

21 1157 188 57 similés.

1112 1148 130 73 1
1138 1148 104 73 50

86 1187 192 70 Chaque
201 1187 231 70 fascicule.

1114 1209 124 59 2
1139 1209 99 59 50

78 1229 118 79 Le
137 1229 177 79 même,
256 1229 138 79 sur
335 1229 197 79 papier
473 1229 118 79 de
512 1229 217 79 Hollande.

86 1262 129 96 Les
159 1262 165 96 trois
269 1262 220 96 premiers
435 1262 257 96 fascicules
637 1262 147 96 sont
728 1262 110 96 en
765 1262 147 96 vente.

90 1318 106 80 1er
150 1318 211 80 fascicule:
316 1318 166 80 Mémoire
437 1318 76 80 à
468 1318 196 80 consulter
619 1318 106 80 sur
679 1318 227 80 l’existence
860 1318 106 80 des
921 1318 106 80 six
981 1318 136 80 corps
1072 1318 91 80 et
1117 1318 91 80 la
1147 1318 91 80 con-

53 1367 201 78 servation
207 1367 93 78 de
253 1367 139 78 leurs
346 1367 232 78 privilèges,
532 1367 155 78 rédigé
640 1367 108 78 par
701 1367 201 78 Delacroix
856 1367 93 78 en
887 1367 108 78 1776.

1147 1388 84 41 —

89 1389 95 85 2e
137 1389 223 85 fascicule:
312 1389 175 85 Extrait
439 1389 95 85 de
487 1389 95 85 la
534 1389 223 85 Gazette
709 1389 95 85 de
757 1389 223 85 France
932 1389 95 85 du
979 1389 95 85 22
1027 1389 127 85 mars
1091 1389 111 85 1776;

48 1425 182 86 Discours
184 1425 91 86 du
230 1425 197 86 président
382 1425 182 86 d’Aligre
518 1425 91 86 au
564 1425 106 86 lit
625 1425 91 86 de
670 1425 167 86 justice
792 1425 121 86 tenu
868 1425 76 86 à
898 1425 213 86 Versailles
1065 1425 121 86 près
1141 1425 91 86 le
1171 1425 76 86 Roi

337 1466 84 68 —
371 1466 201 68 Extraits
521 1466 117 68 des
588 1466 302 68 procès-verbaux
840 1466 117 68 des
907 1466 184 68 séances
1041 1466 168 68 tenues
1158 1466 84 68 à
1175 1466 67 68 la

49 1496 104 56 le
101 1496 104 56 12
153 1496 139 56 mars
222 1496 121 56 1776;

56 1510 171 75 Chambre
181 1510 109 75 des
243 1510 171 75 comptes
367 1510 109 75 par
429 1510 202 75 Monsieur,
585 1510 93 75 et
631 1510 78 75 à
662 1510 93 75 la
709 1510 124 75 Cour
787 1510 109 75 des
849 1510 140 75 aides
942 1510 109 75 par
1004 1510 93 75 le
1051 1510 140 75 comte
1128 1510 109 75 d’Ar.

60 1540 145 79 tois,
156 1540 97 79 le
205 1540 97 79 19
253 1540 145 79 mars,
350 1540 129 79 pour
430 1540 322 79 l’enregistrement
704 1540 97 79 de
752 1540 161 79 l’édit
865 1540 177 79 portant
993 1540 241 79 suppression
1171 1540 80 79 des

49 1606 184 61 jurandes
187 1606 92 61 et
217 1606 184 61 maîtrises.

91 1606 106 86 3e
144 1606 247 86 fascicule:
338 1606 212 86 Discours
497 1606 212 86 prononcé
656 1606 123 86 par
726 1606 300 86 Antoine-Louis
973 1606 212 86 Séguier,
1114 1606 141 86 avocat

55 1648 199 82 général,
205 1648 99 82 au
254 1648 116 82 lit
320 1648 99 82 de
370 1648 182 82 justice
503 1648 99 82 du
552 1648 99 82 12
602 1648 133 82 mars
685 1648 149 82 1776.
784 1648 99 82 Ce
834 1648 215 82 fascicule
1000 1648 215 82 contient,
1149 1648 99 82 dans

56 1692 207 75 l’édition
215 1692 111 75 sur
279 1692 159 75 papier
390 1692 95 75 de
438 1692 207 75 Hollande,
597 1692 95 75 un
645 1692 127 75 beau
724 1692 191 75 portrait
867 1692 95 75 de
915 1692 191 75 Séguier,
1058 1692 175 75 d’après
1169 1692 80 75 Co

34 1761 126 55 chin.

60 1773 147 96 Les
163 1773 147 96 Marins
266 1773 88 96 de
310 1773 88 96 la
354 1773 279 96 République:
590 1773 132 96 Le
678 1773 162 96 Vengeur
796 1773 74 96 —
825 1773 235 96 Combats.

396 1811 107 76 de
467 1811 71 76 la
503 1811 166 76 Loire
633 1811 59 76 —
657 1811 107 76 La
728 1811 178 76 Bayonnaise.
871 1811 59 76 —
894 1811 213 76 Trafalgar
1072 1811 83 76 Par
1120 1811 71 76 H.
1143 1811 107 76 Moulin.

101 1868 82 80 1
133 1868 132 80 vol.
216 1868 148 80 petit
314 1868 164 80 in-18,
429 1868 99 80 de
479 1868 115 80 160
544 1868 99 80 p.
594 1868 214 80 contenant
758 1868 99 80 12
808 1868 247 80 fac-simile.
1005 1868 82 80 0
1021 1868 66 80 80

231 1964 151 86 1536.
332 1964 84 86 —
365 1964 235 86 ABBEVILLE.
550 1964 84 86 —
584 1964 134 86 TYP.
668 1964 101 86 ET
718 1964 151 86 STÉR.
819 1964 185 86 GUSTAVE
936 1964 151 86 RETAUX.
