1280 2048
547 -4 119 79 —
595 -4 119 79 6
619 -4 71 79 —

415 78 165 65 mourir.
535 78 75 65 —
565 78 90 65 P.
610 78 105 65 s.,
670 78 105 65 sur
730 78 150 65 vélin;
835 78 75 65 4
865 78 165 65 juillet
985 78 135 65 1599,
1075 78 75 65 1
1105 78 90 65 p.
1135 78 90 65 in

215 134 107 50 oblong.
293 134 59 50 12
313 134 39 50 »»

230 162 139 53 Curieux
332 162 165 53 document.
458 162 76 53 Il
496 162 152 53 certifie
610 162 89 53 que
661 162 101 53 René
724 162 152 53 Truchon,
838 162 190 53 apothicaire
990 162 76 53 du
1028 162 101 53 Roi,
1091 162 63 53 a
1104 162 114 53 fourni,

203 205 108 45 tant
271 205 108 45 pour
339 205 81 45 la
379 205 162 45 personne
501 205 81 45 du
542 205 95 45 Roi
596 205 95 45 que
650 205 108 45 pour
718 205 81 45 le
759 205 108 45 fait
826 205 81 45 de
867 205 81 45 sa
908 205 162 45 chambre,
1029 205 108 45 pour
1097 205 95 45 600
1138 205 81 45 écus

201 238 84 48 de
229 238 195 48 médicaments.

235 260 154 60 29537.
342 260 92 60 LE
388 260 169 60 TELLIER
511 260 200 60 (Ch.-M.),
665 260 215 60 archevêque
834 260 92 60 de
880 260 154 60 Reims,
988 260 169 60 célèbre
1110 260 108 60 par
1157 260 61 60 sa

199 317 158 55 haine
305 317 176 55 contre
428 317 123 55 les
498 317 228 55 Jésuites.
674 317 88 55 —
709 317 105 55 L.
761 317 105 55 a.
814 317 105 55 s.
867 317 88 55 à
902 317 246 55 Madame...;
1078 317 140 55 Reims,

205 361 88 48 17
249 361 117 48 nov.
323 361 132 48 1700,
411 361 73 48 1
440 361 88 48 p.
484 361 117 48 pet.
558 361 132 48 in-4.
646 361 88 48 10
675 361 59 48 »»

232 401 115 47 Ordre
309 401 76 47 de
347 401 127 47 sortir
436 401 76 47 de
474 401 89 47 son
513 401 127 47 diocèse.

32 429 183 63 29538.
160 429 219 63 LOBINEAU
324 429 146 63 (Dom
415 429 292 63 Gui-Alexis),
653 429 110 63 le
708 429 183 63 savant
835 429 237 63 historien
1018 429 110 63 de
1073 429 110 63 la
1109 429 110 63 Bre-

200 482 195 49 tagne.
337 482 98 49 —
376 482 117 49 L.
435 482 117 49 a.
494 482 137 49 s.;
572 482 215 49 Rennes,
728 482 117 49 22
787 482 156 49 août
885 482 176 49 1725,
1002 482 98 49 1
1041 482 117 49 p.
1080 482 137 49 in

1094 522 125 54 15
1136 522 83 54 »»

235 549 135 61 Relative
336 549 56 61 à
359 549 79 61 son
404 549 169 61 Histoire
539 549 79 61 des
584 549 113 61 Saints
663 549 68 61 de
697 549 68 61 la
731 549 135 61 provineé
832 549 68 61 de
855 549 169 61 Bretagne

30 586 198 67 29539.
169 586 218 67 MIONNET
327 586 297 67 (Th.-Edme),
565 586 119 67 le
624 586 218 67 célèbre
782 586 277 67 numismate.
1000 586 99 67 —
1040 586 119 67 L.
1099 586 119 67 a.
1139 586 79 67 s.

198 645 79 57 à
230 645 174 57 Marcel;
357 645 143 57 1806,
452 645 79 57 1
484 645 95 57 p.
531 645 111 57 1/4
595 645 143 57 in-8.
690 645 79 57 3
706 645 63 57 »»

163 689 174 57 29540.
284 689 261 57 MONTPENSIER
493 689 174 57 (Louis
614 689 104 57 de
666 689 208 57 BOURBON,
823 689 122 57 duc
892 689 139 57 de),
979 689 191 57 dauphin
1100 689 122 57 d’Au-

207 736 194 53 vergne,
348 736 211 53 illustre
507 736 247 53 capitaine,
701 736 123 53 qui
771 736 106 53 se
824 736 194 53 signala
965 736 123 53 par
1035 736 106 53 sa
1070 736 159 53 cruauté

608 786 108 43 envers
684 786 76 43 les
727 786 152 43 huguenots.
846 786 54 43 —
868 786 65 43 P.
900 786 76 43 s.,
944 786 76 43 sur
987 786 108 43 vélin;
1063 786 65 43 16
1095 786 97 43 sept.
1149 786 76 43 1573,

198 817 109 53 1/2
261 817 93 53 p.
307 817 124 53 in-4
385 817 171 53 oblong.
509 817 171 53 Jaunie.
633 817 78 53 5
649 817 62 53 »»

32 865 196 50 29541.
170 865 196 50 MORARD
307 865 118 50 DE
366 865 177 50 GALLE
484 865 490 50 (Justin-Bonaventure),
915 865 314 50 vice-amiral,
1151 865 78 50 un

214 909 130 48 des
289 909 149 48 plus
382 909 223 48 célèbres
549 909 186 48 marins
679 909 112 48 de
735 909 112 48 la
791 909 279 48 République,
1014 909 112 48 né
1069 909 112 48 en
1106 909 112 48 Dau-

326 946 169 43 phiné.
444 946 84 43 —
478 946 101 43 L.
529 946 101 43 a.
579 946 101 43 s.
630 946 118 43 aux
697 946 320 43 administrateurs
967 946 101 43 du
1018 946 202 43 district
1153 946 67 43 de

212 989 155 47 Brest;
321 989 78 47 à
352 989 124 47 bord
430 989 93 47 du
477 989 326 47 Terrible,
756 989 93 47 en
803 989 124 47 mer,
880 989 93 47 23
927 989 171 47 juillet
1051 989 140 47 1793,
1144 989 78 47 2
1160 989 62 47 p.

215 1035 76 51 1/2
259 1035 98 51 in-4.
324 1035 65 51 15
346 1035 43 51 »»

247 1057 109 62 Importante
333 1057 78 62 lettre
387 1057 93 62 relative
457 1057 54 62 aux
488 1057 101 62 corsaires
565 1057 85 62 ennemis
627 1057 54 62 qui
658 1057 101 62 infestent
736 1057 54 62 les
767 1057 70 62 côtes
813 1057 47 62 de
829 1057 31 62 la

214 1110 168 40 Loire-Inférieure.
358 1110 48 40 Il
382 1110 64 40 leur
422 1110 80 40 aurait
478 1110 64 40 fait
518 1110 48 40 la
542 1110 88 40 chasse,
607 1110 64 40 s’il
647 1110 56 40 eût
679 1110 48 40 eu
703 1110 40 40 à
719 1110 48 40 sa
743 1110 120 40 disposition
831 1110 40 40 des

221 1135 102 44 frégates;
300 1135 63 44 mais
339 1135 47 44 il
363 1135 39 44 a
378 1135 55 44 été
410 1135 86 44 obligé,
473 1135 55 44 sur
504 1135 63 44 leur
544 1135 110 44 invitation
630 1135 47 44 du
654 1135 47 44 20
677 1135 63 44 juin
716 1135 94 44 dernier,
787 1135 47 44 de
803 1135 55 44 faire

222 1173 79 37 passer
277 1173 63 37 dans
317 1173 47 37 la
341 1173 87 37 rivière
404 1173 47 37 de
427 1173 79 37 Nantes
483 1173 55 37 les
514 1173 79 37 forces
570 1173 63 37 dont
609 1173 47 37 il
633 1173 87 37 pouvait
696 1173 95 37 disposer
767 1173 63 37 pour
799 1173 55 37 aller

209 1209 74 40 au
246 1209 136 40 secours
345 1209 74 40 de
382 1209 111 40 cette
456 1209 111 40 ville
530 1209 136 40 menacée
629 1209 87 40 par
679 1209 87 40 les
716 1209 136 40 rebelles.

38 1238 130 49 29542.
129 1238 157 49 NAPOLÉON
247 1238 104 49 Ier,
312 1238 157 49 empereur
429 1238 91 49 des
482 1238 170 49 Français.
612 1238 65 49 —
638 1238 78 49 L.
677 1238 78 49 s.
716 1238 78 49 au
743 1238 117 49 célèbre

204 1294 241 38 astronome
390 1294 223 38 LALANDE;
557 1294 186 38 Paris,
687 1294 111 38 27
743 1294 223 38 frimaire
910 1294 111 38 an
966 1294 130 38 VI,
1040 1294 130 38 3/4
1115 1294 111 38 de
1152 1294 74 38 p.

219 1327 72 57 in-4.
267 1327 48 57 20
283 1327 32 57 »»

249 1361 153 48 Curieuse
364 1361 140 48 épître.
466 1361 77 48 Il
504 1361 64 48 a
530 1361 128 48 envoyé
619 1361 77 48 sa
658 1361 128 48 lettre
747 1361 64 48 à
773 1361 153 48 François
887 1361 77 48 de
926 1361 204 48 Neufchâteau,
1092 1361 89 48 qui
1143 1361 64 48 a
1155 1361 77 48 pro-

214 1401 90 52 mis
265 1401 77 52 de
304 1401 128 52 donner
394 1401 64 52 à
419 1401 231 52 l’Observatoire
612 1401 90 52 les
663 1401 128 52 moyens
753 1401 167 52 d’acheter
881 1401 77 52 le
919 1401 115 52 quart
996 1401 77 52 de
1035 1401 128 52 cercle
1124 1401 90 52 que
1163 1401 64 52 La-

211 1433 113 47 lande
287 1433 100 47 juge
349 1433 175 47 nécessaire
487 1433 63 47 à
512 1433 88 47 cet
550 1433 200 47 établissement.

158 1455 122 63 29543.
243 1455 147 63 NAPOLÉON
354 1455 98 63 III,
415 1455 147 63 empereur
525 1455 86 63 des
574 1455 159 63 Français.
696 1455 73 63 L.
733 1455 73 63 a.
770 1455 73 63 s.
806 1455 73 63 au
831 1455 61 63 di-

209 1511 153 45 recteur
320 1511 83 45 de
362 1511 278 45 l’Observateur
598 1511 236 45 français
792 1511 97 45 1/2
848 1511 83 45 p.
889 1511 125 45 in-4.
973 1511 83 45 20
1000 1511 56 45 »»

246 1542 114 71 Envoi
322 1542 76 71 de
360 1542 89 71 200
411 1542 126 71 francs
499 1542 63 71 à
525 1542 76 71 la
563 1542 202 71 souscription
727 1542 76 71 en
765 1542 126 71 faveur
854 1542 89 71 des
904 1542 152 71 ouvriers
1018 1542 139 71 anglais
1107 1542 126 71 renvoyés

208 1576 88 51 de
238 1576 131 51 France.

173 1609 106 78 29544.
247 1609 106 78 NELSON
321 1609 95 78 (H.),
385 1609 148 78 l’illustre
501 1609 106 78 amiral
574 1609 127 78 anglais.
669 1609 53 78 —
691 1609 63 78 L.
722 1609 63 78 a.
754 1609 74 78 s.;
796 1609 53 78 à
807 1609 63 78 bord

209 1662 95 65 du
257 1662 300 65 Victory
509 1662 79 65 8
540 1662 126 65 oct.
619 1662 142 65 1803,
714 1662 79 65 1
745 1662 95 65 p.
793 1662 142 65 in-4.
887 1662 142 65 fixée
982 1662 110 65 sur
1045 1662 110 65 une
1092 1662 142 65 feuille

221 1703 68 62 de
255 1703 124 62 papier.
345 1703 68 62 60
367 1703 45 62 »»

36 1726 178 89 29545.
161 1726 196 89 ORLÉANS
303 1726 339 89 (Jean-Philippe,
589 1726 232 89 chevalier
767 1726 143 89 d’),
856 1726 143 89 fils
945 1726 214 89 légitimé
1105 1726 107 89 du
1141 1726 89 89 Ré-

212 1786 159 58 gent
311 1786 119 58 et
371 1786 119 58 de
431 1786 119 58 la
490 1786 238 58 comtesse
669 1786 298 58 d’Argenton,
907 1786 318 58 grand-prieur
1146 1786 79 58 de

398 1831 173 67 France.
524 1831 79 67 —
555 1831 94 67 L.
603 1831 94 67 a.
650 1831 110 67 s.;
713 1831 173 67 Reggio,
838 1831 94 67 30
885 1831 126 67 juin
964 1831 141 67 1734,
1058 1831 79 67 1
1090 1831 94 67 p.
1121 1831 110 67 in

216 1877 105 52 Belle
286 1877 117 52 pièce.
368 1877 70 52 10
391 1877 47 52 »»

41 1914 181 70 29546.
168 1914 199 70 ORLÉANS
313 1914 236 70 (Adélaïde
494 1914 145 70 d’),
585 1914 145 70 sœur
675 1914 109 70 de
730 1914 344 70 Louis-Philippe.
1020 1914 91 70 —
1056 1914 109 70 L.
1110 1914 109 70 a.
1146 1914 91 70 s.;

206 1958 283 56 Saint-Cloud,
436 1958 106 56 24
489 1958 124 56 mai
560 1958 159 56 1831,
666 1958 124 56 1/2
737 1958 106 56 p.
790 1958 159 56 in-8.
896 1958 159 56 Jolie
1002 1958 195 56 lettre.
1144 1958 88 56 6
1161 1958 71 56 »»
