1304 2039
607 7 71 60 —
635 7 71 60 4
649 7 43 60 —

39 74 176 73 29514.
163 74 194 73 COURTIN
304 74 247 73 (Germain),
498 74 194 73 célèbre
639 74 212 73 médecin.
798 74 88 73 —
833 74 106 73 P.
886 74 123 73 s.,
957 74 123 73 sur
1027 74 176 73 vélin;
1151 74 88 73 6
1168 74 71 73 »»

205 130 105 74 26
257 130 192 74 juillet
397 130 157 74 1579,
502 130 87 74 1
536 130 105 74 p.
589 130 140 74 in-8
659 130 157 74 oblong.

30 172 198 95 29515.
169 172 257 95 DELAVIGNE
367 172 277 95 (Casimir),
584 172 218 95 célèbre
742 172 178 95 poëte
861 172 297 95 dramatique,
1079 172 158 95 membre

213 219 106 65 de
266 219 195 65 l’Acad.
408 219 124 65 fr.
479 219 89 65 —
514 219 106 65 L.
567 219 106 65 a.
620 219 106 65 s.
674 219 89 65 à
709 219 159 65 Paul,
815 219 230 65 directeur
992 219 106 65 du
1045 219 195 65 théâtre
1169 219 71 65 de

211 263 166 74 Rouen;
328 263 166 74 Paris,
444 263 100 74 29
494 263 133 74 août
577 263 150 74 1829,
677 263 83 74 1
710 263 100 74 p.
760 263 116 74 1/2
826 263 150 74 in-8.
926 263 83 74 5
943 263 66 74 »»

246 311 153 56 Relative
361 311 64 56 à
387 311 89 56 une
438 311 77 56 de
476 311 89 56 ses
514 311 115 56 pièces.

179 338 165 87 29516.
295 338 182 87 DUCASSE
427 338 198 87 (J.-B.),
576 338 99 87 un
626 338 116 87 des
692 338 132 87 plus
774 338 198 87 célèbres
923 338 165 87 marins
1039 338 99 87 du
1088 338 149 87 règne
1171 338 66 87 de

211 407 172 51 Louis
326 407 153 51 XIV.
421 407 96 51 —
460 407 115 51 L.
517 407 115 51 s.
574 407 96 51 à
613 407 364 51 Monseigneur...;
919 407 230 51 Leogane,
1091 407 115 51 29
1129 407 115 51 juin

218 446 117 62 1697,
296 446 65 62 8
322 446 78 62 p.
361 446 143 62 in-fol.
464 446 78 62 30
490 446 52 62 »»

247 468 175 64 Important
381 468 162 64 document
503 468 189 64 historique
651 468 121 64 écrit
732 468 121 64 après
813 468 81 64 la
854 468 121 64 prise
935 468 81 64 de
975 468 202 64 Carthagène.
1124 468 121 64 Ducasse

223 519 90 52 qui
275 519 116 52 avait
352 519 193 52 vaillamment
506 519 141 52 coopéré
609 519 64 52 à
635 519 77 52 ce
673 519 103 52 beau
738 519 103 52 fait
802 519 154 52 d’armes,
918 519 77 52 se
956 519 129 52 plaint
1046 519 90 52 des
1085 519 154 52 injustices

219 543 78 53 et
258 543 91 53 des
310 543 143 53 mauvais
414 543 156 53 procédés
531 543 78 53 de
570 543 78 53 M.
609 543 78 53 de
648 543 156 53 Pointis,
764 543 182 53 commandant
907 543 78 53 de
946 543 182 53 l’escadre,
1089 543 78 53 et
1128 543 78 53 il
1154 543 91 53 donne

216 585 62 56 à
240 585 74 56 ce
277 585 111 56 sujet
351 585 86 56 les
401 585 99 56 plus
462 585 136 56 curieux
549 585 123 56 détails.

183 619 124 64 29517.
270 619 174 64 DUCHESNOIS
406 619 199 64 (Joséphine),
568 619 137 64 célèbre
667 619 149 64 actrice.
779 619 62 64 —
804 619 75 64 L.
842 619 75 64 a.
879 619 75 64 s.
904 619 37 64 à

220 667 99 62 M.
269 667 214 62 Duverger:
434 667 99 62 14
483 667 148 62 avril
582 667 148 62 1830,
681 667 82 62 1
714 667 99 62 p.
764 667 148 62 in-8.
863 667 82 62 5
879 667 66 62 »»

247 688 111 77 Elle
317 688 83 77 le
358 688 111 77 prie
428 688 83 77 de
469 688 97 77 lui
525 688 167 77 procurer
650 688 83 77 un
692 688 97 77 bon
747 688 194 77 engagement
900 688 111 77 pour
969 688 139 77 Rouen.
1066 688 111 77 Elle
1136 688 125 77 tient
1205 688 42 77 à

218 738 116 56 jouer
295 738 206 56 <i>Elisabeth
463 738 77 56 de
502 738 181 56 France</i>
644 738 77 56 de
682 738 142 56 Soumet,
786 738 103 56 «qui
850 738 103 56 fait
915 738 77 56 en
953 738 155 56 province
1069 738 77 56 le
1108 738 103 56 plus
1160 738 90 56 grand

203 788 129 44 effet».

175 813 177 67 29518.
299 813 230 67 ELISABETH
477 813 106 67 DE
530 813 230 67 BRUNSWICK
707 813 284 67 WOLFENBUTEL,
938 813 160 67 reine
1044 813 106 67 de
1079 813 160 67 Prusse,

218 858 229 68 première
390 858 172 68 femme
505 858 115 68 de
562 858 420 68 Frédéric-Guillaume
925 858 134 68 II,
1002 858 134 68 qui
1078 858 115 68 la
1116 858 134 68 répu-

212 914 150 55 dia.
306 914 94 55 —
343 914 112 55 L.
400 914 112 55 a.
456 914 131 55 s.,
531 914 112 55 en
587 914 243 55 français;
774 914 112 55 10
830 914 169 55 sept.
942 914 169 55 1802,
1055 914 131 55 3/4
1130 914 112 55 de
1167 914 75 55 p.

233 958 77 52 in-4.
275 958 51 52 15»»

251 967 101 69 Elle
315 967 152 69 s’étonne
429 967 114 69 qu’on
505 967 76 69 se
543 967 101 69 soit
606 967 139 69 souvenu
708 967 127 69 d’elle
797 967 63 69 à
822 967 178 69 l’occasion
961 967 76 69 du
999 967 165 69 testament
1126 967 76 69 du
1152 967 101 69 prince

207 1023 116 53 Henri.

183 1058 123 85 29519.
269 1058 135 85 EPERNON
367 1058 123 85 (J.-L.
453 1058 74 85 de
490 1058 74 85 LA
527 1058 147 85 VALETTE,
637 1058 86 85 duc
686 1058 98 85 d’),
748 1058 74 85 un
785 1058 86 85 des
821 1058 111 85 mignons

234 1105 75 66 de
272 1105 113 66 Henri
348 1105 101 66 III,
410 1105 176 66 gouverneur
549 1105 75 66 de
586 1105 151 66 Guyenne.
699 1105 63 66 —
725 1105 75 66 L.
762 1105 88 66 s.,
812 1105 101 66 avec
863 1105 50 66 la

226 1147 265 63 souscript.
435 1147 171 63 aut.;
548 1147 171 63 Metz,
662 1147 114 63 11
719 1147 133 63 mai
795 1147 171 63 1618,
909 1147 133 63 3/4
985 1147 114 63 de
1041 1147 114 63 p.
1079 1147 171 63 in

238 1199 110 63 Belle
311 1199 122 63 pièce.
396 1199 61 63 6
408 1199 49 63 »»

385 1239 134 74 29520.
479 1239 188 74 FLESSELLES
626 1239 175 74 (Philippe
761 1239 107 74 de),
828 1239 148 74 médecin
935 1239 94 74 des
989 1239 107 74 rois
1056 1239 161 74 François
1163 1239 81 74 Ier,

229 1297 161 49 Henri
336 1297 125 49 II,
408 1297 215 49 François
569 1297 107 49 II
622 1297 107 49 et
676 1297 197 49 Charles
819 1297 125 49 IX.
891 1297 89 49 —
926 1297 107 49 P.
980 1297 125 49 s.,
1051 1297 125 49 sur
1105 1297 143 49 vélin.

226 1338 85 52 17
268 1338 128 52 avril
354 1338 128 52 1559,
439 1338 71 52 1
467 1338 85 52 p.
510 1338 156 52 in-fol.
623 1338 156 52 oblong.
737 1338 298 52 <i>Très-rare</i>.
993 1338 85 52 12
1021 1338 57 52 »»

53 1395 184 60 29521.
182 1395 221 60 FOUCQUET
347 1395 258 60 (Nicolas),
550 1395 295 60 surintendant
789 1395 129 60 des
863 1395 239 60 finances,
1047 1395 184 60 fameux
1158 1395 92 60 par

224 1424 124 67 son
295 1424 159 67 faste
401 1424 106 67 et
455 1424 124 67 par
526 1424 106 67 sa
579 1424 230 67 disgrâce.
756 1424 89 67 —
791 1424 106 67 L.
844 1424 106 67 a.
898 1424 106 67 s.
951 1424 124 67 (AU
1022 1424 213 67 CARDINAL
1163 1424 89 67 MA-

226 1466 202 68 ZARIN);
372 1466 110 68 20
427 1466 147 68 mars
519 1466 165 68 1649,
629 1466 92 68 3
666 1466 110 68 p.
721 1466 165 68 in-4.
831 1466 110 68 Le
886 1466 183 68 second
1015 1466 220 68 feuillet
1161 1466 92 68 est

230 1522 145 50 remonté.
339 1522 72 50 35
363 1522 48 50 »»

263 1536 194 73 Intéressante
420 1536 121 73 lettre
505 1536 85 73 sur
553 1536 85 73 des
602 1536 157 73 questions
723 1536 73 73 de
759 1536 133 73 finance
856 1536 73 73 et
892 1536 73 73 de
916 1536 206 73 fortifications.

190 1606 161 64 29522.
303 1606 274 64 GARNIER-PAGÈS
528 1606 210 64 (Et.-Jos.
690 1606 129 64 L.),
770 1606 97 64 le
819 1606 129 64 chef
899 1606 97 64 du
948 1606 145 64 parti
1044 1606 177 64 radical
1157 1606 97 64 sous

588 1639 212 70 Louis-Philippe.
766 1639 56 70 —
788 1639 67 70 L.
822 1639 67 70 a.
855 1639 67 70 s.
889 1639 56 70 à
911 1639 123 70 Auguis;
1000 1639 111 70 Paris,
1078 1639 67 70 15
1100 1639 67 70 juin

238 1686 122 64 1834,
320 1686 68 64 1
347 1686 81 64 p.
387 1686 95 64 1/2
441 1686 122 64 in-4.
522 1686 68 64 6
536 1686 54 64 »»

266 1709 216 73 Intéressante
441 1709 135 73 lettre
536 1709 81 73 où
576 1709 81 73 il
617 1709 81 73 le
657 1709 108 73 prie
725 1709 81 73 de
765 1709 162 73 soutenir
887 1709 81 73 sa
927 1709 203 73 candidature
1089 1709 68 73 à
1103 1709 149 73 Napoléon-

237 1753 139 57 Vendée,
338 1753 76 57 vu
376 1753 88 57 que
427 1753 88 57 ses
477 1753 139 57 chances
578 1753 101 57 sont
641 1753 101 57 plus
704 1753 88 57 que
755 1753 164 57 douteuses
881 1753 101 57 dans
944 1753 139 57 l’Isère
1045 1753 101 57 (qui
1108 1753 139 57 l’avait
1196 1753 63 57 élu

232 1803 92 51 en
262 1803 123 51 1831).

212 1817 121 85 29523.
297 1817 170 85 GRANDVILLE
430 1817 145 85 (J.-J.),
539 1817 73 85 le
575 1817 133 85 célèbre
672 1817 194 85 dessinateur.
830 1817 61 85 —
854 1817 73 85 L.
890 1817 73 85 a.
926 1817 73 85 s,
951 1817 36 85 à

249 1887 123 63 l’éditeur
343 1887 57 63 Le
371 1887 132 63 Chevalier;
475 1887 66 63 (27
513 1887 85 63 sept.
569 1887 94 63 1845),
635 1887 47 63 3
654 1887 57 63 p.
683 1887 66 63 pl.
711 1887 66 63 in

1135 1915 118 48 15
1175 1915 78 48 »»

271 1970 112 62 Toute
345 1970 150 62 relative
458 1970 62 62 à
483 1970 87 62 ses
520 1970 200 62 illustrations.
