1590 2863
642 56 134 86 63

65 147 129 79 de
130 147 129 79 la
195 147 237 79 section
368 147 129 79 de
432 147 129 79 la
497 147 259 79 fontaine
691 147 129 79 de
756 147 281 79 Grenelle,
972 147 281 79 d’arrêter
1187 147 151 79 sur
1274 147 129 79 le
1317 147 151 79 champ

66 217 372 55 Calandrin....
373 217 131 55 de
438 217 131 55 le
504 217 263 55 conduire
701 217 175 55 dans
810 217 153 55 une
898 217 219 55 maison
1051 217 328 55 d’arrêt....
1292 217 175 55 Signée

68 259 325 56 Robespierre,
341 259 342 56 Billaut-Varenne,
632 259 256 56 Couthon
837 259 103 56 et
889 259 222 56 Collot
1060 259 308 56 d’Herbois
1316 259 103 56 26
1350 259 120 56 prai-

57 308 251 54 rial
213 308 188 54 an
307 308 219 54 II.
433 308 157 54 1
495 308 188 54 p.
589 308 345 54 in-fol.
840 308 251 54 Tête
997 308 407 54 imprimée.
1310 308 188 54 20
1373 308 94 54 »

20 355 150 61 767.
114 355 301 61 Rohan
359 355 338 61 (Armand-Gaston
641 355 150 61 de),
735 355 244 61 cardinal,
923 355 188 61 évêque
1054 355 113 61 de
1092 355 376 61 Strasbourg

65 419 216 52 membre
217 419 130 52 de
282 419 303 52 l’Académie
520 419 303 52 française.
757 419 130 52 L.
822 419 195 52 sig.,
952 419 108 52 à
995 419 130 52 M.
1060 419 151 52 ...
1147 419 324 52 Versailles,
1385 419 87 52 24

44 454 402 56 avril
312 454 402 56 1733.
580 454 223 56 2
669 454 312 56 gr.
847 454 268 56 p.
981 454 402 56 in-4.
1249 454 223 56 3
1294 454 178 56 50

112 505 124 57 Au
174 505 186 57 sujet
298 505 144 57 des
380 505 247 57 troubles
566 505 124 57 de
628 505 268 57 l’Eglise.
834 505 124 57 La
896 505 247 57 dernière
1081 505 309 57 instruction
1308 505 165 57 pasto-

67 564 165 53 rale
171 564 124 53 de
232 564 124 53 M.
294 564 248 53 l’évêque
480 564 124 53 de
542 564 330 53 Montpellier,
810 564 124 53 au
872 564 186 53 sujet
996 564 144 53 des
1079 564 268 53 miracles,
1285 564 186 53 etc.,
1388 564 83 53 se

68 608 216 54 répand
220 608 281 54 beaucoup,
436 608 151 54 «et
522 608 130 54 je
587 608 130 54 ne
652 608 194 54 doute
782 608 151 54 pas
868 608 151 54 que
954 608 259 54 l’auteur
1149 608 130 54 ne
1214 608 173 54 vous
1322 608 130 54 en
1365 608 108 54 ait

67 648 198 65 «fait
199 648 264 65 adresser
397 648 132 65 un
462 648 330 65 exemplaire.
726 648 176 65 Vous
836 648 198 65 serez
968 648 242 65 effrayé
1143 648 132 65 du
1209 648 198 65 début
1319 648 154 65 scan-

65 696 257 55 «daleux
251 696 140 55 de
321 696 140 55 ce
391 696 327 55 monstrueux
625 696 280 55 ouvrage...

22 736 153 61 768.
117 736 305 61 Romme
366 736 267 61 (Charles),
576 736 286 61 hydrographe
805 736 115 61 et
862 736 344 61 mathématicien.
1148 736 115 61 Né
1206 736 95 61 à
1225 736 248 61 Riom

65 796 415 63 (Puy-de-Dôme).
411 796 138 63 L.
480 796 185 63 aut.
595 796 208 63 sig.,
734 796 161 63 aux
826 796 277 63 citoyens
1034 796 254 63 membres
1218 796 138 63 de
1287 796 138 63 la
1334 796 138 63 com-

67 857 235 50 mission
237 857 149 50 des
323 857 235 50 travaux
493 857 256 50 publics.
685 857 299 50 Rochefort,
920 857 107 50 2
962 857 235 50 ventôse
1133 857 128 50 an
1197 857 149 50 IV.
1282 857 107 50 2
1325 857 128 50 p.
1367 857 107 50 in-

-85 890 1383 59 fol.
780 890 864 59 3
952 890 519 59 »

22 946 168 64 769.
127 946 399 64 Rousseau
463 946 420 64 (Jean-Baptiste),
820 946 210 64 poëte.
967 946 126 64 L.
1030 946 168 64 aut.
1135 946 168 64 sig,
1240 946 105 64 à
1282 946 189 64 Titon
1387 946 84 64 du

71 984 211 63 Tillet,
224 984 192 63 auteur
359 984 115 63 du
416 984 288 63 Parnasse
646 984 326 63 français
915 984 269 63 Bruxelles,
1126 984 115 63 19
1183 984 230 63 décembre
1337 984 134 63 1739.

53 1036 187 60 3
127 1036 224 60 p.
240 1036 336 60 in-4.
464 1036 411 60 Cachet.
763 1036 336 60 Belle
987 1036 411 60 lettre.
1286 1036 224 60 45
1361 1036 112 60 »

119 1076 127 61 Il
182 1076 127 61 se
246 1076 254 61 disculpe
436 1076 233 61 d’avoir
606 1076 212 61 manqué
754 1076 148 61 aux
839 1076 212 61 égards
987 1076 191 61 qu’il
1114 1076 169 61 doit
1220 1076 106 61 à
1262 1076 127 61 M.
1326 1076 127 61 le
1368 1076 106 61 duc

69 1135 312 50 d’Aremberg
314 1135 156 50 ...
403 1135 268 50 «Quelque
604 1135 178 50 tort
716 1135 201 50 qu’il
849 1135 201 50 m’ait
983 1135 201 50 fait,
1117 1135 156 50 mon
1184 1135 290 50 inclination

70 1182 200 59 «pour
203 1182 156 59 lui
292 1182 134 59 ne
359 1182 200 59 s’est
493 1182 223 59 jamais
649 1182 290 59 démentie,
872 1182 156 59 non
961 1182 178 59 plus
1072 1182 156 59 que
1139 1182 334 59 monadmiration

69 1240 194 48 «pour
199 1240 151 48 ses
285 1240 238 48 vertus,
458 1240 130 48 la
523 1240 259 48 justesse
717 1240 259 48 d’esprit
912 1240 130 48 et
976 1240 130 48 la
1041 1240 259 48 droiture
1235 1240 130 48 de
1300 1240 173 48 cœur
1387 1240 86 48 de

70 1276 246 64 «madame
248 1276 134 64 la
315 1276 268 64 duchesse
516 1276 156 64 son
606 1276 268 64 adorable
807 1276 246 64 épouse,
986 1276 156 64 que
1075 1276 179 64 j’ai
1187 1276 268 64 toujours
1365 1276 112 64 re-

68 1325 245 66 «gardée
246 1325 134 66 et
313 1325 312 66 regarderai
558 1325 268 66 toujours
759 1325 201 66 comme
893 1325 290 66 l’honneur
1116 1325 134 66 de
1183 1325 156 66 son
1250 1325 223 66 sexe...»

24 1368 155 77 770.
120 1368 367 77 Rousseau
429 1368 367 77 (Claude-Louis),
739 1368 193 77 évêque
874 1368 406 77 d’Orléans
1222 1368 174 77 avant
1318 1368 155 77 évêque

71 1427 114 56 de
128 1427 398 56 Coutances
469 1427 114 56 L.
526 1427 152 56 aut.
621 1427 171 56 sig.,
735 1427 95 56 à
773 1427 114 56 M.
830 1427 190 56 l’abbé
963 1427 190 56 Roman.
1096 1427 228 56 Orléans,
1266 1427 114 56 27
1304 1427 171 56 février

37 1472 497 68 1808.
368 1472 276 68 1
479 1472 331 68 p.
644 1472 387 68 pl.
865 1472 497 68 in-4.
1197 1472 276 68 7
1252 1472 221 68 50

117 1524 133 60 Au
183 1524 200 60 sujet
316 1524 200 60 d’une
450 1524 333 60 bénédiction
716 1524 133 60 de
782 1524 266 60 drapeau,
982 1524 155 60 qui
1071 1524 155 60 lui
1159 1524 200 60 avait
1293 1524 155 60 été
1359 1524 111 60 de-

73 1563 212 65 mandée
221 1563 149 65 par
306 1563 149 65 les
391 1563 276 65 officiers
604 1563 127 65 de
668 1563 127 65 la
731 1563 191 65 garde
859 1563 297 65 d’honneur,
1093 1563 212 65 formée
1241 1563 170 65 dans
1326 1563 149 65 l’es-

69 1608 184 76 poir
184 1608 138 76 du
253 1608 253 76 passage
437 1608 138 76 de
506 1608 138 76 S.
575 1608 138 76 M.
644 1608 322 76 l’Empereur
898 1608 115 76 à
944 1608 322 76 Orléans...
1197 1608 161 76 «Je
1289 1608 138 76 me
1335 1608 138 76 suis

72 1659 281 71 «empressé
288 1659 130 71 de
353 1659 259 71 profiter
548 1659 130 71 de
613 1659 194 71 cette
742 1659 346 71 circonstance
1023 1659 173 71 pour
1131 1659 259 71 rétablir
1326 1659 130 71 un
1369 1659 108 71 an-

69 1704 194 61 «cien
199 1704 194 61 usage
329 1704 151 61 qui
415 1704 130 61 ne
480 1704 173 61 peut
588 1704 151 61 que
674 1704 303 61 contribuer
912 1704 108 61 à
955 1704 216 61 rendre
1107 1704 130 61 la
1171 1704 259 61 religion
1344 1704 130 61 plus

70 1755 213 66 «chère
219 1755 149 66 aux
304 1755 298 66 souverains
538 1755 128 66 et
602 1755 170 66 plus
708 1755 319 66 respectable
964 1755 149 66 aux
1049 1755 256 66 peuples,
1241 1755 128 66 en
1305 1755 128 66 la
1347 1755 128 66 fai-

71 1805 194 56 «sant
201 1805 301 56 intervenir
437 1805 172 56 pour
545 1805 280 56 consacrer
760 1805 129 56 le
825 1805 215 56 devoir
975 1805 129 56 de
1040 1805 258 56 défendre
1233 1805 129 56 la
1276 1805 194 56 patrie,

70 1843 154 68 «et
158 1843 176 68 pour
268 1843 220 68 donner
421 1843 154 68 une
509 1843 264 68 nouvelle
707 1843 242 68 énergie
883 1843 132 68 au
926 1843 264 68 soldat...»

26 1892 154 69 771.
122 1892 385 69 Rousseau
449 1892 404 69 (Champion
795 1892 173 69 veuve
910 1892 115 69 de
968 1892 346 69 Jean-Jacques).
1256 1892 173 69 Pièce
1353 1892 115 69 aut.

73 1954 172 62 sig.
181 1954 345 62 Champion,
461 1954 194 62 veuve
591 1954 366 62 Rousseau
892 1954 108 62 1
935 1954 129 62 p.
1000 1954 172 62 in-8
1108 1954 129 62 en
1172 1954 259 62 travers.
1366 1954 129 62 20
1409 1954 65 62 »

119 1999 200 65 «J’ay
252 1999 200 65 resus
385 1999 133 65 du
452 1999 244 65 citoyen
630 1999 267 65 François
830 1999 133 65 de
896 1999 333 65 Neufchâteau
1163 1999 156 65 par
1252 1999 156 65 les
1318 1999 156 65 maint

72 2063 153 50 «du
160 2063 241 50 citoyen
335 2063 219 50 Daubas
489 2063 132 50 la
554 2063 197 50 somme
686 2063 132 50 de
752 2063 175 50 cent
861 2063 263 50 quarante
1059 2063 219 50 quatre
1212 2063 219 50 livres
1343 2063 132 50 pour

68 2099 147 58 «le
152 2099 168 58 prix
257 2099 126 58 de
320 2099 126 58 la
383 2099 210 58 laitre
530 2099 252 58 original
719 2099 126 58 de
782 2099 336 58 Jean-Jacques
1055 2099 252 58 Rousseau
1244 2099 105 58 à
1286 2099 189 58 Paris
1391 2099 84 58 le

71 2154 159 47 «23
162 2154 341 47 vendémiaire
435 2154 137 47 de
504 2154 182 47 l’an
595 2154 159 47 VII.»

29 2184 154 75 772.
125 2184 482 75 Saint-Evremont
549 2184 443 75 (Charles-Marguerite
934 2184 116 75 de
992 2184 443 75 Saint-Denis
1358 2184 116 75 sei

74 2239 175 72 gneur
190 2239 156 72 de),
288 2239 311 72 littérateur.
540 2239 117 72 Né
599 2239 97 72 à
638 2239 603 72 Saint-Denis-le-Guast
1182 2239 292 72 (Calvados),
1396 2239 78 72 en

73 2291 191 87 1613.
200 2291 127 87 L.
264 2291 191 87 aut.,
391 2291 106 87 à
434 2291 212 87 l’abbé
583 2291 127 87 de
646 2291 361 87 Hautefeuille.
944 2291 127 87 23
1008 2291 212 87 avril.
1156 2291 106 87 2
1199 2291 127 87 p.
1263 2291 191 87 in-4.
1369 2291 106 87 Ca-

-62 2337 1228 60 chet
706 2337 921 60 25
1013 2337 461 60 »

29 2388 148 66 773.
121 2388 332 66 Scarron
398 2388 240 66 (Pierre),
582 2388 185 66 évêque
711 2388 111 66 et
767 2388 185 66 primat
896 2388 111 66 de
951 2388 369 66 Grenoble
1265 2388 166 66 Pièce
1357 2388 111 66 sig.

71 2441 138 68 et
140 2441 368 68 contresignée
439 2441 161 68 par
531 2441 230 68 l’abbé
692 2441 138 68 de
761 2441 276 68 Grignan.
969 2441 299 68 Grenoble,
1199 2441 138 68 18
1245 2441 230 68 décembre

72 2492 238 66 1642.
230 2492 132 66 1
283 2492 159 66 p.
363 2492 291 66 in-fol.
574 2492 159 66 en
654 2492 318 66 travers.
892 2492 265 66 Cachet
1077 2492 370 66 épiscopal.
1368 2492 132 66 6
1395 2492 79 66 »

119 2528 129 77 Il
184 2528 151 77 est
270 2528 258 77 certifié
464 2528 108 77 à
507 2528 151 77 MM.
593 2528 129 77 du
658 2528 215 77 clergé
809 2528 129 77 de
873 2528 215 77 France
1024 2528 151 77 que
1110 2528 129 77 M.
1175 2528 194 77 Josué
1304 2528 129 77 Le
1347 2528 129 77 Bar-

73 2586 191 68 bier,
200 2586 255 68 habitant
391 2586 106 68 à
434 2586 276 68 Grenoble,
646 2586 255 68 ministre
837 2586 255 68 converti
1028 2586 106 68 à
1071 2586 127 68 la
1134 2586 149 68 foi
1198 2586 276 68 catholique,

74 2636 314 60 apostolique
325 2636 125 60 et
388 2636 251 60 romaine,
576 2636 272 60 persévère
785 2636 125 60 en
848 2636 125 60 la
910 2636 209 60 sainte
1057 2636 293 60 profession
1266 2636 209 60 d’icelle

79 2694 120 61 et
139 2694 180 61 toute
259 2694 120 61 sa
319 2694 220 61 famille
479 2694 160 61 avec
560 2694 360 61 édification.....

29 2726 150 100 774.
123 2726 337 100 Scudéri
404 2726 262 100 (Madeleine
610 2726 150 100 de),
703 2726 243 100 surnommée
891 2726 112 100 la
947 2726 300 100 Sapho
1190 2726 112 100 de
1246 2726 131 100 son
1302 2726 169 100 siècle.
