1141 2183
506 14 106 76 —
548 14 106 76 5
569 14 64 76 —

152 81 118 71 19830
231 81 145 71 FLORIAN
336 81 92 71 (J.
389 81 79 71 P.
428 81 132 71 CLARIS
520 81 105 71 dé),
586 81 145 71 célèbre
691 81 197 71 littérâteur
849 81 79 71 et
888 81 184 71 fabuliste,
1020 81 105 71 membre

147 123 78 65 le
186 123 143 65 l’Acad.
290 123 91 65 fr.
342 123 208 65 Remarques
511 123 104 65 pour
576 123 91 65 mon
628 123 169 65 Guillaume
757 123 169 65 Tell
887 123 117 65 pièce
965 123 104 65 aut.
1030 123 78 65 de
1056 123 52 65 1)

149 160 134 53 grandes
246 160 134 53 lignes,
344 160 85 53 3/4
393 160 73 53 de
430 160 73 53 p.
466 160 98 53 in-4
527 160 134 53 oblong.
625 160 85 53 <4>
661 160 37 53 »

149 196 123 75 19831
231 196 137 75 FLOTOW
327 196 137 75 (Fréd.
423 196 109 75 de),
491 196 150 75 célèbre
600 196 205 75 compositeur
765 196 82 75 de
806 196 150 75 musique
915 196 178 75 allemand.
1038 196 82 75 <L<.

153 233 38 46 4.
172 233 44 46 s.,
197 233 38 46 en
215 233 82 46 français,
278 233 31 46 1
291 233 38 46 p.
309 233 56 46 in-8.
347 233 63 46 papier
391 233 31 46 à
404 233 69 46 chiffre
454 233 38 46 en
472 233 75 46 couleur.
529 233 31 46 2
535 233 19 46 »

149 265 86 71 19832
207 265 105 71 GALIANI
283 265 124 71 (l’abbé),
378 265 143 71 publiciste,
493 265 133 71 économiste
597 265 57 71 et
626 265 143 71 antiquaire;
740 265 67 71 ami
769 265 38 71 de

146 310 128 58 d’Holbach
244 310 59 58 et
274 310 59 58 de
303 310 147 58 d’Alembert,
421 310 59 58 un
450 310 69 58 des
490 310 98 58 hommes
558 310 69 58 les
598 310 79 58 plus
647 310 137 58 spirituels
745 310 39 58 de

139 341 91 59 son
191 341 131 59 temps.
283 341 117 59 L.
361 341 131 59 a.
452 341 65 59 à
478 341 183 59 d’Alembert
622 341 131 59 (Paris
713 341 144 59 1769?);
818 341 65 59 1
844 341 78 59 p.
883 341 78 59 in
922 341 78 59 8;
961 341 131 59 cachet
1040 341 78 59 bien

139 371 124 42 conservé.
234 371 48 42 6
243 371 38 42 50

139 405 176 80 Quittant
271 405 147 80 Paris,
374 405 88 80 il
418 405 117 80 fait
491 405 103 80 ses
550 405 147 80 adieux
653 405 73 80 à
682 405 220 80 d’Alembert.
858 405 103 80 «Je
917 405 117 80 n’ai
990 405 117 80 pas,
1049 405 73 80 lui

135 441 119 69 it</.
214 441 145 69 dit-il,
319 441 79 69 eu
359 441 79 69 le
398 441 145 69 courage
504 441 79 69 de
543 441 145 69 prendre
649 441 119 69 congé
728 441 79 69 de
767 441 132 69 vous.»
860 441 119 69 C’est
939 441 79 69 un
978 441 105 69 coup
1031 441 79 69 ter-

140 477 113 63 rible
216 477 126 63 d’être
304 477 126 63 obligé
392 477 75 63 de
430 477 75 63 se
468 477 138 63 séparer
568 477 88 63 des
619 477 101 63 amis
681 477 75 63 et
719 477 88 63 des
770 477 164 63 personnes
895 477 88 63 qui
933 477 63 63 ont

124 509 103 61 fait
188 509 77 61 le
227 509 142 61 bonheur
330 509 77 61 de
369 509 77 61 sa
407 509 90 61 vie
459 509 142 61 pendant
562 509 90 61 son
613 509 129 61 séjour
703 509 103 61 dans
767 509 90 61 ces
819 509 116 61 pays,
896 509 103 61 mais
948 509 51 61 il

127 542 110 52 espère
204 542 99 52 qu’il
269 542 77 52 lui
313 542 110 52 écrira
390 542 175 52 quelquefois.
532 542 121 52 «Adieu,
620 542 77 52 mon
664 542 88 52 cher
719 542 88 52 ami,
773 542 110 52 souve¬

138 573 174 57 nez-vous
269 573 87 57 de
313 573 102 57 moi
371 573 116 57 dans
443 573 102 57 vos
502 573 203 57 charmantes
647 573 174 57 sociétés.»

133 611 93 60 19835
195 611 125 60 GRÉGOIRE
288 611 125 60 (Henri),
382 611 187 60 conventionnél,
538 611 104 60 évêqué
610 611 62 60 de
642 611 104 60 Blois,
714 611 114 60 érudit,
787 611 83 60 membre

126 650 68 57 de
160 650 171 57 l’Institut.
296 650 103 57 L.
365 650 114 57 a
445 650 68 57 s.
479 650 57 57 à
502 650 137 57 Pougens:
604 650 114 57 Paris,
684 650 80 57 1er
729 650 91 57 août
786 650 103 57 1812,
855 650 57 57 2
877 650 68 57 p.
900 650 80 57 in

126 680 131 62 relative
224 680 55 62 à
246 680 65 62 la
279 680 153 62 traduction
399 680 142 62 allemande
508 680 65 62 de
541 680 65 62 sa
573 680 196 62 Littérature
737 680 120 62 des
813 680 175 62 nègres

1008 736 96 38 3
1027 736 77 38 50

125 734 95 80 19834
189 734 64 80 LE
221 734 95 80 MÊME.
284 734 95 80 L.
348 734 106 80 a
422 734 95 80 s.’au
486 734 95 80 même;
549 734 64 80 14
581 734 85 80 août
634 734 95 80 1812,
697 734 53 80 2
719 734 64 80 p.
750 734 95 80 in-4,
814 734 74 80 sur
846 734 42 80 la

125 792 157 54 traduction
248 792 67 54 de
282 792 79 54 son
327 792 124 54 ouvrage
417 792 112 54 Sur
495 792 67 54 la
529 792 225 54 domesticité
720 792 56 54 3
731 792 45 54 50

440 832 57 58 19835
478 832 57 58 GRIMM
516 832 45 58 (le
542 832 57 58 baron
580 832 51 58 de),
612 832 70 58 célèbre
663 832 89 58 philosophe
733 832 38 58 et
752 832 76 58 écrivain
809 832 38 58 du
822 832 89 58 dix

463 873 74 57 siècle.
517 873 61 57 L.
558 873 67 57 a
605 873 47 57 s.;
632 873 67 57 Paris,
679 873 40 57 20
699 873 54 57 mars
733 873 61 57 1754,
774 873 34 57 3
787 873 40 57 p.
807 873 47 57 pl.
834 873 61 57 in-4.
875 873 94 57 Très-jolie
942 873 61 57 lettre.

1009 918 90 42 7
1027 918 72 42 50

139 932 92 65 19836
200 932 122 65 GUILLARD
292 932 92 65 (Nic.
353 932 92 65 Fr.),
414 932 112 65 célèbre
496 932 92 65 poëte
557 932 122 65 lyrique,
649 932 71 65 ami
689 932 61 65 de
720 932 102 65 Collin
781 932 102 65 d’Harle-

125 983 95 58 ville,
192 983 57 58 né
221 983 48 58 à
240 983 124 58 Chartres.
335 983 86 58 L.
393 983 95 58 a.
460 983 57 58 s.
488 983 48 58 à
507 983 57 58 un
536 983 143 58 littérateur
650 983 105 58 (1808),
727 983 48 58 7
746 983 57 58 p.
775 983 67 58 1/4
803 983 67 58 in

1004 1027 94 42 7
1023 1027 75 42 50

153 1031 154 79 Superbe
265 1031 154 79 lettre,
377 1031 126 79 toute
462 1031 168 79 relative
588 1031 70 79 à
616 1031 140 79 Ovide,
714 1031 154 79 remplie
826 1031 84 79 de
869 1031 182 79 citations
1009 1031 84 79 de
1037 1031 56 79 ce

127 1088 123 42 oëte,
210 1088 123 42 qu’on
292 1088 82 42 ne
333 1088 110 42 peut
401 1088 137 42 placer
497 1088 82 42 au
539 1088 137 42 second
635 1088 123 42 ordre
717 1088 110 42 sans
785 1088 192 42 injustice.
936 1088 82 42 Il
977 1088 82 42 le
1005 1088 82 42 jus-

125 1112 93 50 ifie
184 1112 105 50 aussi
254 1112 70 50 du
289 1112 140 50 reproche
394 1112 105 50 qu’on
464 1112 82 50 lui
511 1112 58 50 a
534 1112 93 50 fait
593 1112 117 50 d’être
674 1112 93 50 trop
733 1112 117 50 libre,
815 1112 70 50 et
838 1112 105 50 s’étend

114 1141 167 62 beaucoup
239 1141 98 62 sur
295 1141 84 62 sa
337 1141 181 62 moralité.
476 1141 153 62 Détails
574 1141 209 62 très

128 1184 83 63 19837
183 1184 83 63 GUISE
238 1184 129 63 (Catherine
340 1184 55 63 de
367 1184 110 63 JOYEUSE,
450 1184 110 63 duchesse
533 1184 74 63 de),
579 1184 83 63 femme
634 1184 55 63 de
662 1184 101 63 Charles
726 1184 37 63 de

114 1221 142 64 Guise,
213 1221 156 64 fameuse
326 1221 99 64 par
383 1221 85 64 le
425 1221 113 64 rôle
496 1221 127 64 actif
581 1221 156 64 qu’elle
694 1221 113 64 joua
765 1221 156 64 pendant
879 1221 85 64 la
921 1221 142 64 Ligue.
1006 1221 85 64 Etat

109 1257 115 66 sig.
180 1257 100 66 des
238 1257 172 66 dépenses
366 1257 86 66 de
409 1257 86 66 la
452 1257 143 66 maison
552 1257 86 66 du
595 1257 100 66 duc
653 1257 86 66 et
696 1257 86 66 de
738 1257 86 66 la
781 1257 186 66 duchesse;
910 1257 172 66 Fleurance,

117 1284 58 53 9
141 1284 127 53 juillet
233 1284 104 53 1641,
302 1284 58 53 2
325 1284 69 53 p.
360 1284 81 53 1/4
406 1284 127 53 in-fol.
499 1284 58 53 3
510 1284 35 53 »

117 1318 120 79 19838
197 1318 174 79 HATZFELDT
331 1318 94 79 (le
384 1318 134 79 prince
478 1318 107 79 de),
545 1318 147 79 général
652 1318 174 79 prussien,
786 1318 187 79 gouverneur
933 1318 80 79 de
960 1318 120 79 Berlin,

105 1360 161 66 arrêté
218 1360 145 66 après
315 1360 97 66 la
363 1360 194 66 bataille
508 1360 177 66 d’Iéna,
637 1360 145 66 comme
734 1360 194 66 coupable
879 1360 97 66 de
912 1360 177 66 manœuvres

115 1393 131 65 ontre
202 1393 102 65 les
260 1393 174 65 Français
390 1393 87 65 et
434 1393 102 65 qui
492 1393 87 65 ne
535 1393 102 65 dut
593 1393 87 65 la
637 1393 102 65 vie
695 1393 145 65 qu’aux
796 1393 247 65 supplications
999 1393 87 65 de
1028 1393 58 65 sa

107 1428 115 64 femme
184 1428 76 64 et
222 1428 64 64 à
247 1428 76 64 la
286 1428 153 64 clémence
400 1428 76 64 de
438 1428 166 64 Napoléon.
566 1428 115 64 L.
642 1428 127 64 a
731 1428 76 64 s.
770 1428 76 64 (à
808 1428 76 64 un
846 1428 140 64 général
935 1428 153 64 français);

98 1459 308 61 Schonstein
340 1459 110 61 8
384 1459 176 61 juin
494 1459 198 61 1796,
627 1459 110 61 1
671 1459 132 61 p.
737 1459 242 61 in-fol.
913 1459 110 61 4
935 1459 66 61 »

131 1493 154 68 L’armée
243 1493 182 68 française
384 1493 126 68 étant
468 1493 112 68 dans
538 1493 84 68 le
580 1493 182 68 voisinage
720 1493 84 68 de
762 1493 98 68 ses
818 1493 154 68 terres,
931 1493 84 68 il
973 1493 98 68 lui
1015 1493 70 68 de-

106 1535 133 61 mande
195 1535 207 61 protection
357 1535 89 61 «à
401 1535 133 61 titre
490 1535 89 61 de
534 1535 162 61 général
652 1535 192 61 prussien,
800 1535 89 61 de
844 1535 192 61 serviteur
977 1535 118 61 d’une!

108 1567 190 65 ouissance
254 1567 117 65 qui,
327 1567 146 65 depuis
429 1567 204 65 longtemps,
590 1567 73 65 a
619 1567 117 65 fait
692 1567 88 65 sa
736 1567 117 65 paix
809 1567 117 65 ayec
882 1567 88 65 la
911 1567 175 65 République

86 1597 207 43 française...»

106 1626 115 79 19839
183 1626 115 79 HENRI
259 1626 89 79 III
310 1626 89 79 roi
361 1626 76 79 de
399 1626 140 79 France.
501 1626 115 79 L.
578 1626 102 79 s
642 1626 76 79 au
680 1626 140 79 marquis
782 1626 76 79 de
820 1626 140 79 Pizani,
909 1626 166 79 ambassadeur

97 1675 63 67 à
123 1675 114 67 Rome;
199 1675 127 67 Paris,
287 1675 76 67 31
325 1675 114 67 janv.
401 1675 114 67 1587,
477 1675 89 67 1/2
528 1675 76 67 p.
566 1675 152 67 in-fol.,
680 1675 139 67 cachet.
782 1675 139 67 Bien
870 1675 203 67 conservée

973 1721 133 47 3
1000 1721 80 47 »

128 1728 264 68 Recommandation
349 1728 88 68 en
393 1728 147 68 faveur
495 1728 88 68 de
539 1728 88 68 M.
583 1728 132 68 Alex.
672 1728 191 68 Fregouse,
818 1728 132 68 clerc
906 1728 88 68 du
936 1728 132 68 diocèse

95 1774 92 72 de
141 1774 183 72 Péronne,
278 1774 122 72 pour
354 1774 183 72 l’abbaye
492 1774 92 72 de
537 1774 214 72 Notre-Dame
705 1774 92 72 de
751 1774 229 72 Fontfredde,
934 1774 137 72 ordre
1011 1774 76 72 de)

97 1809 253 66 Saint-Bernard,
308 1809 155 66 diocèse
421 1809 84 66 de
463 1809 183 66 Narbonne,
604 1809 127 66 alors
674 1809 141 66 vacante.

107 1844 106 71 19840
178 1844 106 71 HOCHE
249 1844 154 71 (Lazare),
367 1844 142 71 illustre
473 1844 130 71 général
568 1844 71 71 en
603 1844 106 71 chef.
674 1844 106 71 L.
745 1844 130 71 s.
840 1844 236 71 quartier-général
1029 1844 47 71 de

101 1882 125 59 Rennes
188 1882 75 59 an
226 1882 100 59 III,
288 1882 88 59 3/4
338 1882 75 59 de
376 1882 75 59 p.
413 1882 113 59 in-4.
488 1882 63 59 3
501 1882 38 59 »

97 1919 127 69 19841
181 1919 169 69 HOSPITAL
308 1919 183 69 (François
448 1919 84 69 de
491 1919 112 69 L’),
561 1919 127 69 comte
645 1919 84 69 du
687 1919 169 69 Hallier,
814 1919 155 69 d’abord
926 1919 141 69 évêque
1011 1919 56 69 de

100 1967 144 46 Meaux,
200 1967 115 46 puis
272 1967 172 46 maréchal
401 1967 86 46 de
444 1967 158 46 France,
559 1967 86 46 un
602 1967 101 46 des
660 1967 187 46 meilleurs
803 1967 201 46 capitaines
961 1967 86 46 de
990 1967 72 46 son

99 2002 141 49 temps,
198 2002 127 49 époux
282 2002 85 49 de
325 2002 85 49 la
367 2002 155 49 célèbre
480 2002 127 49 Marie
565 2002 155 49 Mignot.
678 2002 127 49 Pièce
762 2002 127 49 sig.;
847 2002 141 49 Paris,
946 2002 99 49 1er
988 2002 85 49 août

97 2024 124 61 1648,
180 2024 96 61 1/2
235 2024 82 61 p.
276 2024 151 61 in-fol.
385 2024 192 61 Légèrement
536 2024 137 61 tachée
633 2024 96 61 sur
687 2024 96 61 les
742 2024 137 61 bords.
838 2024 69 61 4
852 2024 55 61 50

124 2060 191 63 Compromis
271 2060 132 63 entre
359 2060 88 63 la
403 2060 191 63 révérende
549 2060 117 63 mère
623 2060 117 63 Anne
696 2060 88 63 de
740 2060 220 63 L’Hospital,
916 2060 161 63 abbesse
1018 2060 59 63 de

96 2095 212 69 Montiviller
266 2095 312 69 (Seine-Inférieure)
535 2095 85 69 et
577 2095 113 69 Jean
648 2095 85 69 Le
691 2095 170 69 Maistre,
818 2095 198 69 conseiller
974 2095 99 69 élu
1016 2095 57 69 en

64 2123 213 56 l’élection
231 2123 91 56 de
262 2123 167 56 Caudebec.
