1138 2225
-3 16 755 120 LIBRAIRIE
520 16 581 120 ANCIENNE

15 135 290 73 ET
160 135 725 73 AUTOGRAPHES
739 135 290 73 ini.

287 204 169 83 giiénifi
414 204 127 83 adnd.
498 204 71 83 .
527 204 226 83 (rzt4ÉÉqMAuI
710 204 169 83 T9qeOId)
837 204 141 83 VIx
936 204 141 83 TIOHαH
1020 204 99 83 IEFUE

242 265 442 85 JACQUES
558 265 316 85 CHARAVAY

63 320 193 97 Rue
173 320 193 97 des
283 320 578 97 Grands-Augustins,
751 320 248 97 26.

39 387 184 84 LIVRES
167 387 221 84 ANCIENS,
333 387 184 84 ACHATS
461 387 110 84 DE
516 387 312 84 BIBLIOTHÈQUES
774 387 110 84 ET
829 387 129 84 IDE
884 387 239 84 COLLECTIONS

80 440 355 73 D’AUTOGRAPHES;
376 440 257 73 ÉCHANGES,
574 440 316 73 COMMISSIONS;
830 440 197 73 VENTES
948 440 178 73 D’AUTO-

78 480 189 66 GRAPHES
215 480 86 66 A
250 480 223 66 L'AMIABLE
421 480 223 66 MOYENNANT
593 480 172 66 Dix
713 480 137 66 pour
799 480 189 66 cent,
936 480 103 66 ET
988 480 120 66 AUX
1039 480 86 66 EN-

81 530 147 62 CHÈRES
184 530 206 62 PUBLIQUES,
346 530 177 62 Vingt
478 530 118 62 pour
552 530 118 62 cent
626 530 103 62 sur
684 530 88 62 la
729 530 177 62 totalite
861 530 88 62 de
905 530 88 62 la
934 530 177 62 vente

73 564 113 63 <A
130 564 113 63 LA
186 564 188 63 CHARGE
318 564 132 63 DES
393 564 245 63 VENDEURS,
582 564 151 63 TOUT
676 564 226 63 COMPRIS.
845 564 94 63 7
883 564 113 63 15
921 564 94 63 SiO

43 655 204 89 DSEHDD
185 655 265 89 DRIRONo
389 655 163 89 145.
491 655 102 89 —
532 655 245 89 NOVEMBRE
715 655 245 89 1865
878 655 143 89 (ARon

23 777 200 88 iii
224 777 515 88 AUTOGRAPHES

141 851 121 50 19784
221 851 161 50 ANDRIEUX
342 851 107 50 (Fr.
408 851 134 50 Guill.
502 851 80 50 J.
542 851 121 50 St.),
623 851 80 50 un
663 851 80 50 de
703 851 94 50 nos
757 851 107 50 bons
824 851 147 50 auteurs
917 851 188 50 dramatiques.

138 886 130 63 membre
229 886 78 63 de
268 886 143 63 l’Acad.
372 886 91 63 fr.
424 886 117 63 L.
502 886 130 63 a
593 886 78 63 s.
632 886 65 63 à
657 886 78 63 M.
696 886 169 63 Lefebvre;
826 886 78 63 15
865 886 91 63 mai
917 886 117 63 1811,
995 886 65 63 2
1021 886 78 63 p.
1047 886 65 63 1/2

145 914 56 38 in-4.
182 914 31 38 3
188 914 25 38 50

172 954 168 51 Curieuse
298 954 154 51 lettre.
410 954 70 51 —
438 954 84 51 Il
480 954 84 51 le
522 954 168 51 remercie
648 954 84 51 de
691 954 98 51 ses
747 954 154 51 éloges,
859 954 84 51 et
901 954 98 51 lui
957 954 126 51 parle
1027 954 84 51 d’un

135 977 153 64 Cours
250 977 77 64 de
289 977 243 64 littérature
493 977 102 64 dont
557 977 77 64 il
596 977 64 64 a
621 977 77 64 le
659 977 141 64 projet.
762 977 141 64 Analyse
864 977 90 64 des
915 977 153 64 ouvrages
1030 977 77 64 de
1056 977 51 64 ce

137 1023 125 49 genre
221 1023 84 49 de
263 1023 167 49 Laharpe,
388 1023 153 49 Rollin,
500 1023 167 49 Batteux.
625 1023 195 49 Déplorable
778 1023 112 49 état
848 1023 84 49 de
890 1023 84 49 la
918 1023 195 49 littérature.

132 1059 121 41 «Vous
212 1059 81 41 me
253 1059 175 41 demandez,
388 1059 148 41 dit-il,
496 1059 121 41 de
577 1059 216 41 l’indulgence
752 1059 108 41 pour
820 1059 202 41 l’impérieux
968 1059 135 41 Bos

132 1081 182 60 suet
275 1081 78 60 Ce
314 1081 117 60 grand
391 1081 195 60 déclamateur
547 1081 91 60 n’a
599 1081 91 60 pas
651 1081 130 60 besoin
742 1081 221 60 d’indulgence;
923 1081 78 60 il
962 1081 117 60 s’est
1027 1081 78 60 fait

134 1120 101 48 une
191 1120 144 48 langue
292 1120 144 48 forte,
393 1120 129 48 vive,
479 1120 158 48 animée,
594 1120 158 48 presque
695 1120 201 48 poétique...»

133 1153 124 47 19785
216 1153 111 47 ANNE
285 1153 207 47 D’AUTRICHE,
451 1153 124 47 reine
534 1153 83 47 et
576 1153 152 47 régente
686 1153 83 47 de
728 1153 152 47 France.
838 1153 83 47 L.
880 1153 83 47 s.
921 1153 83 47 au
949 1153 152 47 trésorier

134 1190 159 50 général
249 1190 87 50 de
293 1190 101 50 ses
351 1190 188 50 finances;
495 1190 260 50 Fontainebleau,
712 1190 72 50 6
741 1190 130 50 sept.
828 1190 130 50 1629,
915 1190 101 50 1/2
973 1190 87 50 p.
1002 1190 101 50 in

129 1220 111 57 Jolie
203 1220 123 57 pièce,
289 1220 136 57 portant
387 1220 111 57 aussi
461 1220 74 57 la
498 1220 160 57 signature
622 1220 74 57 de
658 1220 123 57 Michel
745 1220 74 57 de
782 1220 259 57 Marillaec;
1003 1220 74 57 le
1028 1220 74 57 sur-

134 1253 153 50 intendant
252 1253 82 50 des
299 1253 153 50 finances.
416 1253 59 50 5
428 1253 35 50 »

130 1276 121 62 19786
210 1276 162 62 ANQUETIL
332 1276 94 62 (L.
386 1276 162 62 Pierre),
507 1276 148 62 célèbre
615 1276 189 62 historien,
764 1276 135 62 membre
858 1276 81 62 de
899 1276 202 62 l’Institut.
1047 1276 54 62 L.

132 1327 82 43 a.
173 1327 82 43 s.
215 1327 69 43 à
242 1327 82 43 M.
283 1327 110 43 ...;
352 1327 151 43 Château
461 1327 151 43 Renard,
571 1327 96 43 par
626 1327 192 43 Montargis,
776 1327 82 43 10
817 1327 96 43 mai
872 1327 123 43 1785,
954 1327 69 43 2
968 1327 55 43 p.

136 1351 73 41 in-4.
185 1351 41 41 3
193 1351 24 41 »

152 1387 116 70 Sous
225 1387 102 70 les
283 1387 175 70 auspices
414 1387 87 70 de
458 1387 102 70 Mgr
516 1387 175 70 l’évêque
647 1387 87 70 de
691 1387 160 70 Senlis,
807 1387 87 70 il
851 1387 102 70 lui
909 1387 160 70 demande
1011 1387 87 70 com-

127 1429 201 54 munication
285 1429 101 54 des
342 1429 201 54 manuscrits
501 1429 101 54 qui
558 1429 115 54 sont
630 1429 130 54 entre
717 1429 101 54 ses
760 1429 115 54 mains.

129 1459 122 45 19787
211 1459 135 45 AUMALE
305 1459 149 45 (Claude
413 1459 81 45 II
454 1459 81 45 de
494 1459 176 45 LORRAINE,
629 1459 95 45 duc
683 1459 108 45 d’),
751 1459 122 45 frère
832 1459 81 45 de
872 1459 176 45 François,
994 1459 108 45 assas-

128 1490 99 48 iné
184 1490 99 48 par
241 1490 169 48 Poltrot,
367 1490 127 48 brave
452 1490 169 48 guerrier
579 1490 85 48 du
621 1490 169 48 seizième
748 1490 155 48 siècle,
861 1490 113 48 l’un
931 1490 99 48 des
973 1490 127 48 princi-

130 1526 102 54 aux
189 1526 160 54 auteurs
305 1526 87 54 du
349 1526 175 54 massacre
480 1526 87 54 de
523 1526 87 54 la
567 1526 305 54 Saint-Barthélemy,
829 1526 102 54 tué
887 1526 87 54 au
930 1526 131 54 siège
1018 1526 87 54 de
1047 1526 58 54 La

121 1559 188 46 Rochelle,
265 1559 87 46 en
309 1559 130 46 1573.
396 1559 87 46 L.
439 1559 101 46 s.,
497 1559 116 46 avec
569 1559 87 46 la
613 1559 203 46 souscript.
772 1559 130 46 aut.,
859 1559 72 46 à
888 1559 101 46 MM.
946 1559 87 46 de
989 1559 87 46 la
1018 1559 87 46 Cour

124 1588 90 53 du
169 1588 209 53 Parlement,
333 1588 75 53 à
363 1588 150 53 Dijon;
468 1588 90 53 25
513 1588 120 53 mars
588 1588 135 53 1560,
677 1588 105 53 3/4
737 1588 90 53 de
782 1588 90 53 p.
827 1588 179 53 in-fol.,
961 1588 135 53 trace
1036 1588 60 53 de

125 1622 115 55 cachet.
208 1622 146 55 Très-belle
323 1622 105 55 pièce.
396 1622 167 55 Rare
532 1622 63 55 </
564 1622 52 55 6
574 1622 42 55 50

123 1652 116 61 19788
200 1652 129 61 BALZAC
291 1652 142 61 (Honoré
394 1652 103 61 de),
458 1652 77 61 le
497 1652 142 61 célèbre
600 1652 77 61 et
638 1652 129 61 fécond
728 1652 180 61 romancier.
870 1652 116 61 L.
947 1652 90 61 ai.
999 1652 103 61 s.i.
1050 1652 52 61 au

117 1694 356 44 contre-amiral...;
422 1694 169 44 Paris,
540 1694 102 44 31
591 1694 135 44 déc.
676 1694 152 44 1843,
777 1694 85 44 2
811 1694 102 44 p.
862 1694 119 44 1/2
930 1694 152 44 in-8.
1031 1694 85 44 9
1048 1694 51 44 »

121 1728 176 51 Très-jolie
259 1728 138 51 lettre,
360 1728 101 51 dans
423 1728 151 51 laquelle
536 1728 75 51 il
573 1728 138 51 annonce
674 1728 113 51 qu’il
749 1728 88 51 lui
799 1728 63 51 a
825 1728 113 51 dédié
887 1728 214 51 l'Inter

116 1758 184 50 diction
261 1758 105 50 dans
326 1758 92 50 les
379 1758 132 50 scènes
471 1758 79 50 de
511 1758 79 50 la
550 1758 92 50 vie
603 1758 250 50 parisienne
813 1758 92 50 «M.
866 1758 145 50 Coster,
971 1758 118 50 notre
1037 1758 66 50 ami

115 1797 167 50 commun,
236 1797 121 50 vous
312 1797 121 50 fera
387 1797 167 50 passer,
509 1797 106 50 par
569 1797 91 50 un
615 1797 182 50 bâtiment
751 1797 91 50 de
796 1797 167 50 l’Etat,
917 1797 106 50 les
963 1797 136 50 volumes

125 1825 127 56 parus
209 1825 84 56 de
251 1825 84 56 la
294 1825 197 56 collection
448 1825 169 56 complète
575 1825 84 56 de
617 1825 98 56 mes
673 1825 155 56 œuvres,
786 1825 98 56 que
842 1825 84 56 je
884 1825 112 56 vous
940 1825 155 56 destinais

122 1866 80 54 en
162 1866 173 54 attendant
295 1866 120 54 qu’il
375 1866 67 54 y
401 1866 80 54 en
441 1866 93 54 eut
495 1866 120 54 assez
575 1866 107 54 pour
641 1866 173 54 l’envoyer
774 1866 80 54 si
814 1866 173 54 loin...»,
947 1866 80 54 Il
987 1866 93 54 lui
1027 1866 67 54 re-

124 1894 178 42 commande
257 1894 163 42 ensuite
376 1894 104 42 son
435 1894 148 42 frère,
539 1894 148 42 commis
642 1894 118 42 dans
716 1894 89 42 la
746 1894 133 42 marine.

129 1918 125 66 19789
212 1918 111 66 BART
282 1918 153 66 (Jean),
393 1918 83 66 un
435 1918 97 66 des
490 1918 111 66 plus
560 1918 139 66 grands
657 1918 139 66 marins
754 1918 83 66 du
796 1918 139 66 siècle
893 1918 83 66 de
935 1918 125 66 Louis
1005 1918 83 66 XIV.

123 1959 61 44 >
147 1959 98 44 Hi9f
208 1959 134 44 Etat
306 1959 85 44 des
355 1959 122 44 vivres
440 1959 110 44 qu’il
513 1959 98 44 faut
574 1959 159 44 embarquer
696 1959 98 44 dans
757 1959 73 44 la
794 1959 134 44 frégate
892 1959 73 44 la
916 1959 171 44 Sorcière,

119 1993 210 45 commandée
287 1993 98 45 par
343 1993 84 45 le
385 1993 182 45 capitaine
525 1993 112 45 Jean
595 1993 112 45 Bart
666 1993 112 45 pour
736 1993 84 45 la
778 1993 210 45 subsistance
946 1993 84 45 de
974 1993 126 45 son

116 2026 251 49 équipage
327 2026 119 49 pièce
407 2026 106 49 sig.
473 2026 93 49 sur
526 2026 145 49 papier:
631 2026 185 49 Dunkerque,
777 2026 79 49 29
816 2026 119 49 avril
896 2026 119 49 1680,
975 2026 66 49 2
1001 2026 79 49 p.
1028 2026 66 49 in-

114 2053 104 42 fol.
179 2053 117 42 Pièce
257 2053 117 42 d’une
334 2053 207 42 conservation
503 2053 207 42 remarquable.
671 2053 272 42 Très-rare
904 2053 78 42 65
930 2053 39 42 »

127 2087 112 68 19790
201 2087 199 68 BEAUMARCHAIS
363 2087 87 68 (P.
413 2087 100 68 Aug.
475 2087 112 68 CARON
550 2087 100 68 de),
613 2087 150 68 l’auteur
725 2087 75 68 du
762 2087 174 68 Mariage
899 2087 75 68 de
924 2087 162 68 Figaro

119 2125 101 54 L.
186 2125 112 54 a
264 2125 78 54 s<.
309 2125 56 54 a
332 2125 67 54 la
365 2125 190 54 comtesse!...;
522 2125 112 54 Paris,
600 2125 67 54 27
634 2125 90 54 fév.
690 2125 101 54 1788,
757 2125 56 54 2
779 2125 67 54 p.
813 2125 101 54 in-4.
880 2125 67 54 13
902 2125 34 54 »
