<?xml version='1.0' encoding='UTF8'?>
<alto xmlns:xsi="http://www.w3.org/2001/XMLSchema-instance" xmlns="http://www.loc.gov/standards/alto/ns-v2#" xmlns:page="http://schema.primaresearch.org/PAGE/gts/pagecontent/2013-07-15" xsi:schemaLocation="http://www.loc.gov/standards/alto/ns-v2# http://www.loc.gov/standards/alto/alto.xsd">
  <Description>
    <MeasurementUnit>pixel</MeasurementUnit>
    <sourceImageInformation>
         <fileName>1865_11_LAC_N143_0011.jpg</fileName>
      </sourceImageInformation>
    <OCRProcessing ID="IdOcr">
      <ocrProcessingStep>
        <processingDateTime>2020-11-02T20:53:50.703+01:00</processingDateTime>
        <processingSoftware>
               <softwareCreator>CONTRIBUTORS</softwareCreator>
               <softwareName>pdfalto</softwareName>
               <softwareVersion>0.1</softwareVersion>
            </processingSoftware>
      </ocrProcessingStep>
    </OCRProcessing>
  </Description>
  <Styles>
     <TextStyle ID="FONT0" FONTSTYLE=""/>
     <TextStyle ID="FONT1" FONTSTYLE="bold"/>
     <TextStyle ID="FONT2" FONTSTYLE="italics"/>
</Styles>
  <Tags/>
  <Layout>
    <Page ID="Page1" PHYSICAL_IMG_NR="1" HEIGHT="2214" WIDTH="1192">
      <PrintSpace HEIGHT="2214" WIDTH="1192" VPOS="0" HPOS="0">
        <TextBlock ID="r1" HEIGHT="2156" WIDTH="1118" VPOS="31" HPOS="38">
          <TextLine ID="r1l1" BASELINE="77" HEIGHT="74" WIDTH="72" VPOS="3" HPOS="530">
            <String HEIGHT="74" WIDTH="60" VPOS="3" HPOS="518" CONTENT="—" ID="r1l1_1" STYLEREFS="FONT0"/>
            <SP HEIGHT="74" WIDTH="12" VPOS="3" HPOS="578"/>
            <String HEIGHT="74" WIDTH="72" VPOS="3" HPOS="542" CONTENT="11" ID="r1l1_2" STYLEREFS="FONT0"/>
            <SP HEIGHT="74" WIDTH="12" VPOS="3" HPOS="614"/>
            <String HEIGHT="74" WIDTH="36" VPOS="3" HPOS="566" CONTENT="—" ID="r1l1_3" STYLEREFS="FONT0"/>
          </TextLine>
          <TextLine ID="r1l2" BASELINE="140" HEIGHT="85" WIDTH="1054" VPOS="55" HPOS="31">
            <String HEIGHT="85" WIDTH="173" VPOS="55" HPOS="18" CONTENT="19911-PIE" ID="r1l2_1" STYLEREFS="FONT0"/>
            <SP HEIGHT="85" WIDTH="13" VPOS="55" HPOS="191"/>
            <String HEIGHT="85" WIDTH="80" VPOS="55" HPOS="151" CONTENT="IV" ID="r1l2_2" STYLEREFS="FONT0"/>
            <SP HEIGHT="85" WIDTH="13" VPOS="55" HPOS="231"/>
            <String HEIGHT="85" WIDTH="187" VPOS="55" HPOS="191" CONTENT="(Jean-Ange" ID="r1l2_3" STYLEREFS="FONT0"/>
            <SP HEIGHT="85" WIDTH="13" VPOS="55" HPOS="378"/>
            <String HEIGHT="85" WIDTH="80" VPOS="55" HPOS="338" CONTENT="de" ID="r1l2_4" STYLEREFS="FONT0"/>
            <SP HEIGHT="85" WIDTH="13" VPOS="55" HPOS="418"/>
            <String HEIGHT="85" WIDTH="173" VPOS="55" HPOS="378" CONTENT="MÉDICIS)," ID="r1l2_5" STYLEREFS="FONT0"/>
            <SP HEIGHT="85" WIDTH="13" VPOS="55" HPOS="551"/>
            <String HEIGHT="85" WIDTH="120" VPOS="55" HPOS="511" CONTENT="pape." ID="r1l2_6" STYLEREFS="FONT0"/>
            <SP HEIGHT="85" WIDTH="13" VPOS="55" HPOS="631"/>
            <String HEIGHT="85" WIDTH="120" VPOS="55" HPOS="591" CONTENT="L." ID="r1l2_7" STYLEREFS="FONT2"/>
            <SP HEIGHT="85" WIDTH="13" VPOS="55" HPOS="711"/>
            <String HEIGHT="85" WIDTH="133" VPOS="55" HPOS="671" CONTENT="a" ID="r1l2_8" STYLEREFS="FONT2"/>
            <SP HEIGHT="85" WIDTH="13" VPOS="55" HPOS="805"/>
            <String HEIGHT="85" WIDTH="80" VPOS="55" HPOS="765" CONTENT="s." ID="r1l2_9" STYLEREFS="FONT0"/>
            <SP HEIGHT="85" WIDTH="13" VPOS="55" HPOS="845"/>
            <String HEIGHT="85" WIDTH="80" VPOS="55" HPOS="805" CONTENT="au" ID="r1l2_10" STYLEREFS="FONT0"/>
            <SP HEIGHT="85" WIDTH="13" VPOS="55" HPOS="885"/>
            <String HEIGHT="85" WIDTH="160" VPOS="55" HPOS="845" CONTENT="seigneur" ID="r1l2_11" STYLEREFS="FONT0"/>
            <SP HEIGHT="85" WIDTH="13" VPOS="55" HPOS="1005"/>
            <String HEIGHT="85" WIDTH="133" VPOS="55" HPOS="952" CONTENT="Galeazo," ID="r1l2_12" STYLEREFS="FONT0"/>
          </TextLine>
          <TextLine ID="r1l3" BASELINE="162" HEIGHT="58" WIDTH="950" VPOS="104" HPOS="135">
            <String HEIGHT="58" WIDTH="71" VPOS="104" HPOS="121" CONTENT="à" ID="r1l3_1" STYLEREFS="FONT0"/>
            <SP HEIGHT="58" WIDTH="14" VPOS="104" HPOS="192"/>
            <String HEIGHT="58" WIDTH="142" VPOS="104" HPOS="149" CONTENT="Milan;" ID="r1l3_2" STYLEREFS="FONT0"/>
            <SP HEIGHT="58" WIDTH="14" VPOS="104" HPOS="291"/>
            <String HEIGHT="58" WIDTH="71" VPOS="104" HPOS="248" CONTENT="8" ID="r1l3_3" STYLEREFS="FONT0"/>
            <SP HEIGHT="58" WIDTH="14" VPOS="104" HPOS="319"/>
            <String HEIGHT="58" WIDTH="99" VPOS="104" HPOS="277" CONTENT="mai" ID="r1l3_4" STYLEREFS="FONT0"/>
            <SP HEIGHT="58" WIDTH="14" VPOS="104" HPOS="376"/>
            <String HEIGHT="58" WIDTH="128" VPOS="104" HPOS="334" CONTENT="1551," ID="r1l3_5" STYLEREFS="FONT0"/>
            <SP HEIGHT="58" WIDTH="14" VPOS="104" HPOS="461"/>
            <String HEIGHT="58" WIDTH="71" VPOS="104" HPOS="419" CONTENT="1" ID="r1l3_6" STYLEREFS="FONT0"/>
            <SP HEIGHT="58" WIDTH="14" VPOS="104" HPOS="489"/>
            <String HEIGHT="58" WIDTH="85" VPOS="104" HPOS="447" CONTENT="p." ID="r1l3_7" STYLEREFS="FONT0"/>
            <SP HEIGHT="58" WIDTH="14" VPOS="104" HPOS="532"/>
            <String HEIGHT="58" WIDTH="99" VPOS="104" HPOS="489" CONTENT="1/4" ID="r1l3_8" STYLEREFS="FONT0"/>
            <SP HEIGHT="58" WIDTH="14" VPOS="104" HPOS="589"/>
            <String HEIGHT="58" WIDTH="170" VPOS="104" HPOS="546" CONTENT="in-fol.," ID="r1l3_9" STYLEREFS="FONT0"/>
            <SP HEIGHT="58" WIDTH="14" VPOS="104" HPOS="716"/>
            <String HEIGHT="58" WIDTH="156" VPOS="104" HPOS="674" CONTENT="cachet." ID="r1l3_10" STYLEREFS="FONT0"/>
            <SP HEIGHT="58" WIDTH="14" VPOS="104" HPOS="830"/>
            <String HEIGHT="58" WIDTH="128" VPOS="104" HPOS="787" CONTENT="Pièce" ID="r1l3_11" STYLEREFS="FONT0"/>
            <SP HEIGHT="58" WIDTH="14" VPOS="104" HPOS="915"/>
            <String HEIGHT="58" WIDTH="128" VPOS="104" HPOS="872" CONTENT="d’une" ID="r1l3_12" STYLEREFS="FONT0"/>
            <SP HEIGHT="58" WIDTH="14" VPOS="104" HPOS="1000"/>
            <String HEIGHT="58" WIDTH="142" VPOS="104" HPOS="943" CONTENT="parfaite" ID="r1l3_13" STYLEREFS="FONT0"/>
          </TextLine>
          <TextLine ID="r1l6" BASELINE="210" HEIGHT="58" WIDTH="277" VPOS="152" HPOS="131">
            <String HEIGHT="58" WIDTH="152" VPOS="152" HPOS="122" CONTENT="conservation." ID="r1l6_1" STYLEREFS="FONT0"/>
            <SP HEIGHT="58" WIDTH="9" VPOS="152" HPOS="274"/>
            <String HEIGHT="58" WIDTH="143" VPOS="152" HPOS="247" CONTENT="Rare" ID="r1l6_2" STYLEREFS="FONT2"/>
            <SP HEIGHT="58" WIDTH="9" VPOS="152" HPOS="390"/>
            <String HEIGHT="58" WIDTH="54" VPOS="152" HPOS="363" CONTENT="14" ID="r1l6_3" STYLEREFS="FONT0"/>
            <SP HEIGHT="58" WIDTH="9" VPOS="152" HPOS="417"/>
            <String HEIGHT="58" WIDTH="27" VPOS="152" HPOS="381" CONTENT="»" ID="r1l6_4" STYLEREFS="FONT0"/>
          </TextLine>
          <TextLine ID="r1l8" BASELINE="244" HEIGHT="58" WIDTH="954" VPOS="186" HPOS="134">
            <String HEIGHT="58" WIDTH="110" VPOS="186" HPOS="122" CONTENT="19912" ID="r1l8_1" STYLEREFS="FONT0"/>
            <SP HEIGHT="58" WIDTH="12" VPOS="186" HPOS="232"/>
            <String HEIGHT="58" WIDTH="110" VPOS="186" HPOS="195" CONTENT="PIRON" ID="r1l8_2" STYLEREFS="FONT0"/>
            <SP HEIGHT="58" WIDTH="12" VPOS="186" HPOS="305"/>
            <String HEIGHT="58" WIDTH="159" VPOS="186" HPOS="269" CONTENT="(Alexis)," ID="r1l8_3" STYLEREFS="FONT0"/>
            <SP HEIGHT="58" WIDTH="12" VPOS="186" HPOS="428"/>
            <String HEIGHT="58" WIDTH="135" VPOS="186" HPOS="391" CONTENT="célèbre" ID="r1l8_4" STYLEREFS="FONT0"/>
            <SP HEIGHT="58" WIDTH="12" VPOS="186" HPOS="525"/>
            <String HEIGHT="58" WIDTH="110" VPOS="186" HPOS="489" CONTENT="poëte" ID="r1l8_5" STYLEREFS="FONT0"/>
            <SP HEIGHT="58" WIDTH="12" VPOS="186" HPOS="599"/>
            <String HEIGHT="58" WIDTH="171" VPOS="186" HPOS="562" CONTENT="dramatique" ID="r1l8_6" STYLEREFS="FONT0"/>
            <SP HEIGHT="58" WIDTH="12" VPOS="186" HPOS="733"/>
            <String HEIGHT="58" WIDTH="73" VPOS="186" HPOS="697" CONTENT="et" ID="r1l8_7" STYLEREFS="FONT0"/>
            <SP HEIGHT="58" WIDTH="12" VPOS="186" HPOS="770"/>
            <String HEIGHT="58" WIDTH="147" VPOS="186" HPOS="733" CONTENT="grivois." ID="r1l8_8" STYLEREFS="FONT0"/>
            <SP HEIGHT="58" WIDTH="12" VPOS="186" HPOS="880"/>
            <String HEIGHT="58" WIDTH="98" VPOS="186" HPOS="843" CONTENT="L" ID="r1l8_9" STYLEREFS="FONT2"/>
            <SP HEIGHT="58" WIDTH="12" VPOS="186" HPOS="941"/>
            <String HEIGHT="58" WIDTH="110" VPOS="186" HPOS="905" CONTENT="a" ID="r1l8_10" STYLEREFS="FONT2"/>
            <SP HEIGHT="58" WIDTH="12" VPOS="186" HPOS="1015"/>
            <String HEIGHT="58" WIDTH="61" VPOS="186" HPOS="978" CONTENT="à" ID="r1l8_11" STYLEREFS="FONT0"/>
            <SP HEIGHT="58" WIDTH="12" VPOS="186" HPOS="1039"/>
            <String HEIGHT="58" WIDTH="73" VPOS="186" HPOS="1002" CONTENT="M." ID="r1l8_12" STYLEREFS="FONT0"/>
            <SP HEIGHT="58" WIDTH="12" VPOS="186" HPOS="1076"/>
            <String HEIGHT="58" WIDTH="61" VPOS="186" HPOS="1027" CONTENT="Pi" SUBS_TYPE="HypPart1" SUBS_CONTENT="Piron," ID="r1l8_13" STYLEREFS="FONT0"/>
            <HYP CONTENT="-"/>
          </TextLine>
          <TextLine ID="r1l10" BASELINE="274" HEIGHT="66" WIDTH="967" VPOS="208" HPOS="132">
            <String HEIGHT="66" WIDTH="115" VPOS="208" HPOS="118" CONTENT="ron," SUBS_TYPE="HypPart2" SUBS_CONTENT="Piron," ID="r1l10_1" STYLEREFS="FONT0"/>
            <SP HEIGHT="66" WIDTH="14" VPOS="208" HPOS="233"/>
            <String HEIGHT="66" WIDTH="231" VPOS="208" HPOS="190" CONTENT="apothicaire;" ID="r1l10_2" STYLEREFS="FONT0"/>
            <SP HEIGHT="66" WIDTH="14" VPOS="208" HPOS="421"/>
            <String HEIGHT="66" WIDTH="144" VPOS="208" HPOS="377" CONTENT="Paris," ID="r1l10_3" STYLEREFS="FONT0"/>
            <SP HEIGHT="66" WIDTH="14" VPOS="208" HPOS="522"/>
            <String HEIGHT="66" WIDTH="72" VPOS="208" HPOS="478" CONTENT="5" ID="r1l10_4" STYLEREFS="FONT0"/>
            <SP HEIGHT="66" WIDTH="14" VPOS="208" HPOS="551"/>
            <String HEIGHT="66" WIDTH="130" VPOS="208" HPOS="507" CONTENT="janv." ID="r1l10_5" STYLEREFS="FONT0"/>
            <SP HEIGHT="66" WIDTH="14" VPOS="208" HPOS="637"/>
            <String HEIGHT="66" WIDTH="130" VPOS="208" HPOS="594" CONTENT="1752," ID="r1l10_6" STYLEREFS="FONT0"/>
            <SP HEIGHT="66" WIDTH="14" VPOS="208" HPOS="724"/>
            <String HEIGHT="66" WIDTH="72" VPOS="208" HPOS="680" CONTENT="2" ID="r1l10_7" STYLEREFS="FONT0"/>
            <SP HEIGHT="66" WIDTH="14" VPOS="208" HPOS="753"/>
            <String HEIGHT="66" WIDTH="87" VPOS="208" HPOS="709" CONTENT="p." ID="r1l10_8" STYLEREFS="FONT0"/>
            <SP HEIGHT="66" WIDTH="14" VPOS="208" HPOS="796"/>
            <String HEIGHT="66" WIDTH="101" VPOS="208" HPOS="753" CONTENT="3/4" ID="r1l10_9" STYLEREFS="FONT0"/>
            <SP HEIGHT="66" WIDTH="14" VPOS="208" HPOS="854"/>
            <String HEIGHT="66" WIDTH="130" VPOS="208" HPOS="810" CONTENT="in-4." ID="r1l10_10" STYLEREFS="FONT0"/>
            <SP HEIGHT="66" WIDTH="14" VPOS="208" HPOS="940"/>
            <String HEIGHT="66" WIDTH="87" VPOS="208" HPOS="897" CONTENT="Le" ID="r1l10_11" STYLEREFS="FONT0"/>
            <SP HEIGHT="66" WIDTH="14" VPOS="208" HPOS="984"/>
            <String HEIGHT="66" WIDTH="101" VPOS="208" HPOS="940" CONTENT="nom" ID="r1l10_12" STYLEREFS="FONT0"/>
            <SP HEIGHT="66" WIDTH="14" VPOS="208" HPOS="1041"/>
            <String HEIGHT="66" WIDTH="87" VPOS="208" HPOS="998" CONTENT="de" ID="r1l10_13" STYLEREFS="FONT0"/>
            <SP HEIGHT="66" WIDTH="14" VPOS="208" HPOS="1085"/>
            <String HEIGHT="66" WIDTH="72" VPOS="208" HPOS="1027" CONTENT="Pi" SUBS_TYPE="HypPart1" SUBS_CONTENT="Piron" ID="r1l10_14" STYLEREFS="FONT0"/>
            <HYP CONTENT="-"/>
          </TextLine>
          <TextLine ID="r1l13" BASELINE="317" HEIGHT="48" WIDTH="301" VPOS="269" HPOS="131">
            <String HEIGHT="48" WIDTH="78" VPOS="269" HPOS="120" CONTENT="ron" SUBS_TYPE="HypPart2" SUBS_CONTENT="Piron" ID="r1l13_1" STYLEREFS="FONT0"/>
            <SP HEIGHT="48" WIDTH="11" VPOS="269" HPOS="198"/>
            <String HEIGHT="48" WIDTH="78" VPOS="269" HPOS="164" CONTENT="est" ID="r1l13_2" STYLEREFS="FONT0"/>
            <SP HEIGHT="48" WIDTH="11" VPOS="269" HPOS="242"/>
            <String HEIGHT="48" WIDTH="78" VPOS="269" HPOS="209" CONTENT="sur" ID="r1l13_3" STYLEREFS="FONT0"/>
            <SP HEIGHT="48" WIDTH="11" VPOS="269" HPOS="287"/>
            <String HEIGHT="48" WIDTH="156" VPOS="269" HPOS="254" CONTENT="l’adresse." ID="r1l13_4" STYLEREFS="FONT0"/>
            <SP HEIGHT="48" WIDTH="11" VPOS="269" HPOS="410"/>
            <String HEIGHT="48" WIDTH="67" VPOS="269" HPOS="376" CONTENT="12" ID="r1l13_5" STYLEREFS="FONT0"/>
            <SP HEIGHT="48" WIDTH="11" VPOS="269" HPOS="443"/>
            <String HEIGHT="48" WIDTH="33" VPOS="269" HPOS="399" CONTENT="»" ID="r1l13_6" STYLEREFS="FONT0"/>
          </TextLine>
          <TextLine ID="r1l14" BASELINE="341" HEIGHT="80" WIDTH="930" VPOS="261" HPOS="169">
            <String HEIGHT="80" WIDTH="164" VPOS="261" HPOS="155" CONTENT="Relative" ID="r1l14_1" STYLEREFS="FONT0"/>
            <SP HEIGHT="80" WIDTH="14" VPOS="261" HPOS="319"/>
            <String HEIGHT="80" WIDTH="68" VPOS="261" HPOS="278" CONTENT="à" ID="r1l14_2" STYLEREFS="FONT0"/>
            <SP HEIGHT="80" WIDTH="14" VPOS="261" HPOS="347"/>
            <String HEIGHT="80" WIDTH="96" VPOS="261" HPOS="306" CONTENT="une" ID="r1l14_3" STYLEREFS="FONT0"/>
            <SP HEIGHT="80" WIDTH="14" VPOS="261" HPOS="401"/>
            <String HEIGHT="80" WIDTH="137" VPOS="261" HPOS="360" CONTENT="visite" ID="r1l14_4" STYLEREFS="FONT0"/>
            <SP HEIGHT="80" WIDTH="14" VPOS="261" HPOS="497"/>
            <String HEIGHT="80" WIDTH="123" VPOS="261" HPOS="456" CONTENT="qu’il" ID="r1l14_5" STYLEREFS="FONT0"/>
            <SP HEIGHT="80" WIDTH="14" VPOS="261" HPOS="579"/>
            <String HEIGHT="80" WIDTH="68" VPOS="261" HPOS="538" CONTENT="a" ID="r1l14_6" STYLEREFS="FONT0"/>
            <SP HEIGHT="80" WIDTH="14" VPOS="261" HPOS="607"/>
            <String HEIGHT="80" WIDTH="123" VPOS="261" HPOS="566" CONTENT="faite" ID="r1l14_7" STYLEREFS="FONT0"/>
            <SP HEIGHT="80" WIDTH="14" VPOS="261" HPOS="689"/>
            <String HEIGHT="80" WIDTH="68" VPOS="261" HPOS="648" CONTENT="à" ID="r1l14_8" STYLEREFS="FONT0"/>
            <SP HEIGHT="80" WIDTH="14" VPOS="261" HPOS="716"/>
            <String HEIGHT="80" WIDTH="82" VPOS="261" HPOS="675" CONTENT="M." ID="r1l14_9" STYLEREFS="FONT0"/>
            <SP HEIGHT="80" WIDTH="14" VPOS="261" HPOS="757"/>
            <String HEIGHT="80" WIDTH="82" VPOS="261" HPOS="716" CONTENT="de" ID="r1l14_10" STYLEREFS="FONT0"/>
            <SP HEIGHT="80" WIDTH="14" VPOS="261" HPOS="798"/>
            <String HEIGHT="80" WIDTH="274" VPOS="261" HPOS="757" CONTENT="Saint-Florentin." ID="r1l14_11" STYLEREFS="FONT0"/>
            <SP HEIGHT="80" WIDTH="14" VPOS="261" HPOS="1031"/>
            <String HEIGHT="80" WIDTH="123" VPOS="261" HPOS="976" CONTENT="Détails" ID="r1l14_12" STYLEREFS="FONT0"/>
          </TextLine>
          <TextLine ID="r1l15" BASELINE="387" HEIGHT="59" WIDTH="169" VPOS="328" HPOS="143">
            <String HEIGHT="59" WIDTH="195" VPOS="328" HPOS="117" CONTENT="intéressants." ID="r1l15_1" STYLEREFS="FONT0"/>
          </TextLine>
          <TextLine ID="r1l16" BASELINE="422" HEIGHT="68" WIDTH="962" VPOS="354" HPOS="146">
            <String HEIGHT="68" WIDTH="127" VPOS="354" HPOS="132" CONTENT="19913" ID="r1l16_1" STYLEREFS="FONT0"/>
            <SP HEIGHT="68" WIDTH="14" VPOS="354" HPOS="259"/>
            <String HEIGHT="68" WIDTH="170" VPOS="354" HPOS="217" CONTENT="PONTANUS" ID="r1l16_2" STYLEREFS="FONT0"/>
            <SP HEIGHT="68" WIDTH="14" VPOS="354" HPOS="387"/>
            <String HEIGHT="68" WIDTH="156" VPOS="354" HPOS="344" CONTENT="(Jean)," ID="r1l16_3" STYLEREFS="FONT0"/>
            <SP HEIGHT="68" WIDTH="14" VPOS="354" HPOS="500"/>
            <String HEIGHT="68" WIDTH="156" VPOS="354" HPOS="457" CONTENT="célèbre" ID="r1l16_4" STYLEREFS="FONT0"/>
            <SP HEIGHT="68" WIDTH="14" VPOS="354" HPOS="613"/>
            <String HEIGHT="68" WIDTH="184" VPOS="354" HPOS="570" CONTENT="écrivain," ID="r1l16_5" STYLEREFS="FONT0"/>
            <SP HEIGHT="68" WIDTH="14" VPOS="354" HPOS="754"/>
            <String HEIGHT="68" WIDTH="156" VPOS="354" HPOS="712" CONTENT="premier" ID="r1l16_6" STYLEREFS="FONT0"/>
            <SP HEIGHT="68" WIDTH="14" VPOS="354" HPOS="868"/>
            <String HEIGHT="68" WIDTH="170" VPOS="354" HPOS="825" CONTENT="ministre" ID="r1l16_7" STYLEREFS="FONT0"/>
            <SP HEIGHT="68" WIDTH="14" VPOS="354" HPOS="995"/>
            <String HEIGHT="68" WIDTH="85" VPOS="354" HPOS="952" CONTENT="du" ID="r1l16_8" STYLEREFS="FONT0"/>
            <SP HEIGHT="68" WIDTH="14" VPOS="354" HPOS="1037"/>
            <String HEIGHT="68" WIDTH="127" VPOS="354" HPOS="981" CONTENT="royaume" ID="r1l16_9" STYLEREFS="FONT0"/>
          </TextLine>
          <TextLine ID="r1l18" BASELINE="453" HEIGHT="47" WIDTH="959" VPOS="406" HPOS="143">
            <String HEIGHT="47" WIDTH="74" VPOS="406" HPOS="131" CONTENT="de" ID="r1l18_1" STYLEREFS="FONT0"/>
            <SP HEIGHT="47" WIDTH="12" VPOS="406" HPOS="204"/>
            <String HEIGHT="47" WIDTH="135" VPOS="406" HPOS="168" CONTENT="Naples," ID="r1l18_2" STYLEREFS="FONT0"/>
            <SP HEIGHT="47" WIDTH="12" VPOS="406" HPOS="303"/>
            <String HEIGHT="47" WIDTH="98" VPOS="406" HPOS="266" CONTENT="dont" ID="r1l18_3" STYLEREFS="FONT0"/>
            <SP HEIGHT="47" WIDTH="12" VPOS="406" HPOS="364"/>
            <String HEIGHT="47" WIDTH="74" VPOS="406" HPOS="327" CONTENT="il" ID="r1l18_4" STYLEREFS="FONT0"/>
            <SP HEIGHT="47" WIDTH="12" VPOS="406" HPOS="401"/>
            <String HEIGHT="47" WIDTH="111" VPOS="406" HPOS="364" CONTENT="livra" ID="r1l18_5" STYLEREFS="FONT0"/>
            <SP HEIGHT="47" WIDTH="12" VPOS="406" HPOS="475"/>
            <String HEIGHT="47" WIDTH="86" VPOS="406" HPOS="438" CONTENT="les" ID="r1l18_6" STYLEREFS="FONT0"/>
            <SP HEIGHT="47" WIDTH="12" VPOS="406" HPOS="524"/>
            <String HEIGHT="47" WIDTH="111" VPOS="406" HPOS="487" CONTENT="clefs" ID="r1l18_7" STYLEREFS="FONT0"/>
            <SP HEIGHT="47" WIDTH="12" VPOS="406" HPOS="598"/>
            <String HEIGHT="47" WIDTH="74" VPOS="406" HPOS="561" CONTENT="au" ID="r1l18_8" STYLEREFS="FONT0"/>
            <SP HEIGHT="47" WIDTH="12" VPOS="406" HPOS="635"/>
            <String HEIGHT="47" WIDTH="86" VPOS="406" HPOS="598" CONTENT="roi" ID="r1l18_9" STYLEREFS="FONT0"/>
            <SP HEIGHT="47" WIDTH="12" VPOS="406" HPOS="684"/>
            <String HEIGHT="47" WIDTH="74" VPOS="406" HPOS="647" CONTENT="de" ID="r1l18_10" STYLEREFS="FONT0"/>
            <SP HEIGHT="47" WIDTH="12" VPOS="406" HPOS="721"/>
            <String HEIGHT="47" WIDTH="123" VPOS="406" HPOS="684" CONTENT="France" ID="r1l18_11" STYLEREFS="FONT0"/>
            <SP HEIGHT="47" WIDTH="12" VPOS="406" HPOS="807"/>
            <String HEIGHT="47" WIDTH="135" VPOS="406" HPOS="770" CONTENT="Charles" ID="r1l18_12" STYLEREFS="FONT0"/>
            <SP HEIGHT="47" WIDTH="12" VPOS="406" HPOS="905"/>
            <String HEIGHT="47" WIDTH="111" VPOS="406" HPOS="868" CONTENT="VIII." ID="r1l18_13" STYLEREFS="FONT0"/>
            <SP HEIGHT="47" WIDTH="12" VPOS="406" HPOS="979"/>
            <String HEIGHT="47" WIDTH="111" VPOS="406" HPOS="942" CONTENT="L." ID="r1l18_14" STYLEREFS="FONT2"/>
            <SP HEIGHT="47" WIDTH="12" VPOS="406" HPOS="1053"/>
            <String HEIGHT="47" WIDTH="98" VPOS="406" HPOS="1004" CONTENT="a" ID="r1l18_15" STYLEREFS="FONT2"/>
          </TextLine>
          <TextLine ID="r1l19" BASELINE="487" HEIGHT="54" WIDTH="953" VPOS="433" HPOS="149">
            <String HEIGHT="54" WIDTH="108" VPOS="433" HPOS="134" CONTENT="s.," ID="r1l19_1" STYLEREFS="FONT0"/>
            <SP HEIGHT="54" WIDTH="15" VPOS="433" HPOS="241"/>
            <String HEIGHT="54" WIDTH="169" VPOS="433" HPOS="195" CONTENT="écrite," ID="r1l19_2" STYLEREFS="FONT0"/>
            <SP HEIGHT="54" WIDTH="15" VPOS="433" HPOS="364"/>
            <String HEIGHT="54" WIDTH="92" VPOS="433" HPOS="318" CONTENT="au" ID="r1l19_3" STYLEREFS="FONT0"/>
            <SP HEIGHT="54" WIDTH="15" VPOS="433" HPOS="410"/>
            <String HEIGHT="54" WIDTH="108" VPOS="433" HPOS="364" CONTENT="nom" ID="r1l19_4" STYLEREFS="FONT0"/>
            <SP HEIGHT="54" WIDTH="15" VPOS="433" HPOS="472"/>
            <String HEIGHT="54" WIDTH="92" VPOS="433" HPOS="426" CONTENT="de" ID="r1l19_5" STYLEREFS="FONT0"/>
            <SP HEIGHT="54" WIDTH="15" VPOS="433" HPOS="518"/>
            <String HEIGHT="54" WIDTH="92" VPOS="433" HPOS="472" CONTENT="la" ID="r1l19_6" STYLEREFS="FONT0"/>
            <SP HEIGHT="54" WIDTH="15" VPOS="433" HPOS="564"/>
            <String HEIGHT="54" WIDTH="184" VPOS="433" HPOS="518" CONTENT="duchesse" ID="r1l19_7" STYLEREFS="FONT0"/>
            <SP HEIGHT="54" WIDTH="15" VPOS="433" HPOS="702"/>
            <String HEIGHT="54" WIDTH="92" VPOS="433" HPOS="656" CONTENT="de" ID="r1l19_8" STYLEREFS="FONT0"/>
            <SP HEIGHT="54" WIDTH="15" VPOS="433" HPOS="748"/>
            <String HEIGHT="54" WIDTH="184" VPOS="433" HPOS="702" CONTENT="Calabre," ID="r1l19_9" STYLEREFS="FONT0"/>
            <SP HEIGHT="54" WIDTH="15" VPOS="433" HPOS="887"/>
            <String HEIGHT="54" WIDTH="92" VPOS="433" HPOS="841" CONTENT="au" ID="r1l19_10" STYLEREFS="FONT0"/>
            <SP HEIGHT="54" WIDTH="15" VPOS="433" HPOS="933"/>
            <String HEIGHT="54" WIDTH="108" VPOS="433" HPOS="887" CONTENT="duc" ID="r1l19_11" STYLEREFS="FONT0"/>
            <SP HEIGHT="54" WIDTH="15" VPOS="433" HPOS="994"/>
            <String HEIGHT="54" WIDTH="92" VPOS="433" HPOS="948" CONTENT="de" ID="r1l19_12" STYLEREFS="FONT0"/>
            <SP HEIGHT="54" WIDTH="15" VPOS="433" HPOS="1041"/>
            <String HEIGHT="54" WIDTH="123" VPOS="433" HPOS="979" CONTENT="Milan;" ID="r1l19_13" STYLEREFS="FONT0"/>
          </TextLine>
          <TextLine ID="r1l20" BASELINE="520" HEIGHT="63" WIDTH="958" VPOS="457" HPOS="143">
            <String HEIGHT="63" WIDTH="162" VPOS="457" HPOS="128" CONTENT="Naples," ID="r1l20_1" STYLEREFS="FONT0"/>
            <SP HEIGHT="63" WIDTH="15" VPOS="457" HPOS="290"/>
            <String HEIGHT="63" WIDTH="103" VPOS="457" HPOS="246" CONTENT="10e" ID="r1l20_2" STYLEREFS="FONT0"/>
            <SP HEIGHT="63" WIDTH="15" VPOS="457" HPOS="349"/>
            <String HEIGHT="63" WIDTH="118" VPOS="457" HPOS="305" CONTENT="mois" ID="r1l20_3" STYLEREFS="FONT0"/>
            <SP HEIGHT="63" WIDTH="15" VPOS="457" HPOS="423"/>
            <String HEIGHT="63" WIDTH="88" VPOS="457" HPOS="379" CONTENT="de" ID="r1l20_4" STYLEREFS="FONT0"/>
            <SP HEIGHT="63" WIDTH="15" VPOS="457" HPOS="467"/>
            <String HEIGHT="63" WIDTH="133" VPOS="457" HPOS="423" CONTENT="1475," ID="r1l20_5" STYLEREFS="FONT0"/>
            <SP HEIGHT="63" WIDTH="15" VPOS="457" HPOS="556"/>
            <String HEIGHT="63" WIDTH="88" VPOS="457" HPOS="511" CONTENT="1." ID="r1l20_6" STYLEREFS="FONT0"/>
            <SP HEIGHT="63" WIDTH="15" VPOS="457" HPOS="600"/>
            <String HEIGHT="63" WIDTH="88" VPOS="457" HPOS="556" CONTENT="p." ID="r1l20_7" STYLEREFS="FONT0"/>
            <SP HEIGHT="63" WIDTH="15" VPOS="457" HPOS="644"/>
            <String HEIGHT="63" WIDTH="177" VPOS="457" HPOS="600" CONTENT="in-fol.," ID="r1l20_8" STYLEREFS="FONT0"/>
            <SP HEIGHT="63" WIDTH="15" VPOS="457" HPOS="777"/>
            <String HEIGHT="63" WIDTH="162" VPOS="457" HPOS="733" CONTENT="cachet." ID="r1l20_9" STYLEREFS="FONT0"/>
            <SP HEIGHT="63" WIDTH="15" VPOS="457" HPOS="895"/>
            <String HEIGHT="63" WIDTH="147" VPOS="457" HPOS="850" CONTENT="Légère" ID="r1l20_10" STYLEREFS="FONT0"/>
            <SP HEIGHT="63" WIDTH="15" VPOS="457" HPOS="998"/>
            <String HEIGHT="63" WIDTH="162" VPOS="457" HPOS="939" CONTENT="déchirure" ID="r1l20_11" STYLEREFS="FONT0"/>
          </TextLine>
          <TextLine ID="r1l21" BASELINE="553" HEIGHT="51" WIDTH="961" VPOS="502" HPOS="145">
            <String HEIGHT="51" WIDTH="111" VPOS="502" HPOS="131" CONTENT="dans" ID="r1l21_1" STYLEREFS="FONT0"/>
            <SP HEIGHT="51" WIDTH="14" VPOS="502" HPOS="242"/>
            <String HEIGHT="51" WIDTH="153" VPOS="502" HPOS="201" CONTENT="l’angle" ID="r1l21_2" STYLEREFS="FONT0"/>
            <SP HEIGHT="51" WIDTH="14" VPOS="502" HPOS="354"/>
            <String HEIGHT="51" WIDTH="181" VPOS="502" HPOS="312" CONTENT="supérieur" ID="r1l21_3" STYLEREFS="FONT0"/>
            <SP HEIGHT="51" WIDTH="14" VPOS="502" HPOS="493"/>
            <String HEIGHT="51" WIDTH="84" VPOS="502" HPOS="451" CONTENT="de" ID="r1l21_4" STYLEREFS="FONT0"/>
            <SP HEIGHT="51" WIDTH="14" VPOS="502" HPOS="535"/>
            <String HEIGHT="51" WIDTH="153" VPOS="502" HPOS="493" CONTENT="droite," ID="r1l21_5" STYLEREFS="FONT0"/>
            <SP HEIGHT="51" WIDTH="14" VPOS="502" HPOS="646"/>
            <String HEIGHT="51" WIDTH="111" VPOS="502" HPOS="605" CONTENT="mais" ID="r1l21_6" STYLEREFS="FONT0"/>
            <SP HEIGHT="51" WIDTH="14" VPOS="502" HPOS="716"/>
            <String HEIGHT="51" WIDTH="223" VPOS="502" HPOS="674" CONTENT="n’atteignant" ID="r1l21_7" STYLEREFS="FONT0"/>
            <SP HEIGHT="51" WIDTH="14" VPOS="502" HPOS="897"/>
            <String HEIGHT="51" WIDTH="97" VPOS="502" HPOS="855" CONTENT="pas" ID="r1l21_8" STYLEREFS="FONT0"/>
            <SP HEIGHT="51" WIDTH="14" VPOS="502" HPOS="953"/>
            <String HEIGHT="51" WIDTH="84" VPOS="502" HPOS="911" CONTENT="le" ID="r1l21_9" STYLEREFS="FONT0"/>
            <SP HEIGHT="51" WIDTH="14" VPOS="502" HPOS="995"/>
            <String HEIGHT="51" WIDTH="139" VPOS="502" HPOS="953" CONTENT="texte." ID="r1l21_10" STYLEREFS="FONT0"/>
            <SP HEIGHT="51" WIDTH="14" VPOS="502" HPOS="1092"/>
            <String HEIGHT="51" WIDTH="70" VPOS="502" HPOS="1050" CONTENT="9" ID="r1l21_11" STYLEREFS="FONT0"/>
            <SP HEIGHT="51" WIDTH="14" VPOS="502" HPOS="1120"/>
            <String HEIGHT="51" WIDTH="42" VPOS="502" HPOS="1064" CONTENT="»" ID="r1l21_12" STYLEREFS="FONT0"/>
          </TextLine>
          <TextLine ID="r1l22" BASELINE="596" HEIGHT="75" WIDTH="959" VPOS="521" HPOS="147">
            <String HEIGHT="75" WIDTH="125" VPOS="521" HPOS="133" CONTENT="19914" ID="r1l22_1" STYLEREFS="FONT0"/>
            <SP HEIGHT="75" WIDTH="14" VPOS="521" HPOS="258"/>
            <String HEIGHT="75" WIDTH="139" VPOS="521" HPOS="216" CONTENT="RABAUT" ID="r1l22_2" STYLEREFS="FONT0"/>
            <SP HEIGHT="75" WIDTH="14" VPOS="521" HPOS="355"/>
            <String HEIGHT="75" WIDTH="264" VPOS="521" HPOS="314" CONTENT="(Jacques-Ant.)," ID="r1l22_3" STYLEREFS="FONT0"/>
            <SP HEIGHT="75" WIDTH="14" VPOS="521" HPOS="578"/>
            <String HEIGHT="75" WIDTH="139" VPOS="521" HPOS="536" CONTENT="député" ID="r1l22_4" STYLEREFS="FONT0"/>
            <SP HEIGHT="75" WIDTH="14" VPOS="521" HPOS="675"/>
            <String HEIGHT="75" WIDTH="83" VPOS="521" HPOS="633" CONTENT="du" ID="r1l22_5" STYLEREFS="FONT0"/>
            <SP HEIGHT="75" WIDTH="14" VPOS="521" HPOS="717"/>
            <String HEIGHT="75" WIDTH="111" VPOS="521" HPOS="675" CONTENT="Gard" ID="r1l22_6" STYLEREFS="FONT0"/>
            <SP HEIGHT="75" WIDTH="14" VPOS="521" HPOS="786"/>
            <String HEIGHT="75" WIDTH="69" VPOS="521" HPOS="745" CONTENT="à" ID="r1l22_7" STYLEREFS="FONT0"/>
            <SP HEIGHT="75" WIDTH="14" VPOS="521" HPOS="814"/>
            <String HEIGHT="75" WIDTH="83" VPOS="521" HPOS="772" CONTENT="la" ID="r1l22_8" STYLEREFS="FONT0"/>
            <SP HEIGHT="75" WIDTH="14" VPOS="521" HPOS="856"/>
            <String HEIGHT="75" WIDTH="208" VPOS="521" HPOS="814" CONTENT="Convention," ID="r1l22_9" STYLEREFS="FONT0"/>
            <SP HEIGHT="75" WIDTH="14" VPOS="521" HPOS="1023"/>
            <String HEIGHT="75" WIDTH="69" VPOS="521" HPOS="981" CONTENT="à" ID="r1l22_10" STYLEREFS="FONT0"/>
            <SP HEIGHT="75" WIDTH="14" VPOS="521" HPOS="1050"/>
            <String HEIGHT="75" WIDTH="97" VPOS="521" HPOS="1009" CONTENT="qui" ID="r1l22_11" STYLEREFS="FONT0"/>
            <SP HEIGHT="75" WIDTH="14" VPOS="521" HPOS="1106"/>
            <String HEIGHT="75" WIDTH="56" VPOS="521" HPOS="1050" CONTENT="on" ID="r1l22_12" STYLEREFS="FONT0"/>
          </TextLine>
          <TextLine ID="r1l24" BASELINE="625" HEIGHT="62" WIDTH="959" VPOS="563" HPOS="152">
            <String HEIGHT="62" WIDTH="151" VPOS="563" HPOS="139" CONTENT="attribue" ID="r1l24_1" STYLEREFS="FONT0"/>
            <SP HEIGHT="62" WIDTH="13" VPOS="563" HPOS="291"/>
            <String HEIGHT="62" WIDTH="76" VPOS="563" HPOS="253" CONTENT="la" ID="r1l24_2" STYLEREFS="FONT0"/>
            <SP HEIGHT="62" WIDTH="13" VPOS="563" HPOS="329"/>
            <String HEIGHT="62" WIDTH="177" VPOS="563" HPOS="291" CONTENT="découverte" ID="r1l24_3" STYLEREFS="FONT0"/>
            <SP HEIGHT="62" WIDTH="13" VPOS="563" HPOS="467"/>
            <String HEIGHT="62" WIDTH="76" VPOS="563" HPOS="430" CONTENT="de" ID="r1l24_4" STYLEREFS="FONT0"/>
            <SP HEIGHT="62" WIDTH="13" VPOS="563" HPOS="505"/>
            <String HEIGHT="62" WIDTH="76" VPOS="563" HPOS="467" CONTENT="la" ID="r1l24_5" STYLEREFS="FONT0"/>
            <SP HEIGHT="62" WIDTH="13" VPOS="563" HPOS="543"/>
            <String HEIGHT="62" WIDTH="151" VPOS="563" HPOS="505" CONTENT="vaccine." ID="r1l24_6" STYLEREFS="FONT0"/>
            <SP HEIGHT="62" WIDTH="13" VPOS="563" HPOS="657"/>
            <String HEIGHT="62" WIDTH="114" VPOS="563" HPOS="619" CONTENT="L." ID="r1l24_7" STYLEREFS="FONT2"/>
            <SP HEIGHT="62" WIDTH="13" VPOS="563" HPOS="732"/>
            <String HEIGHT="62" WIDTH="126" VPOS="563" HPOS="695" CONTENT="a" ID="r1l24_8" STYLEREFS="FONT2"/>
            <SP HEIGHT="62" WIDTH="13" VPOS="563" HPOS="821"/>
            <String HEIGHT="62" WIDTH="88" VPOS="563" HPOS="783" CONTENT="s.." ID="r1l24_9" STYLEREFS="FONT0"/>
            <SP HEIGHT="62" WIDTH="13" VPOS="563" HPOS="871"/>
            <String HEIGHT="62" WIDTH="88" VPOS="563" HPOS="833" CONTENT="aux" ID="r1l24_10" STYLEREFS="FONT0"/>
            <SP HEIGHT="62" WIDTH="13" VPOS="563" HPOS="922"/>
            <String HEIGHT="62" WIDTH="139" VPOS="563" HPOS="884" CONTENT="membres" ID="r1l24_11" STYLEREFS="FONT0"/>
            <SP HEIGHT="62" WIDTH="13" VPOS="563" HPOS="1023"/>
            <String HEIGHT="62" WIDTH="76" VPOS="563" HPOS="985" CONTENT="du" ID="r1l24_12" STYLEREFS="FONT0"/>
            <SP HEIGHT="62" WIDTH="13" VPOS="563" HPOS="1061"/>
            <String HEIGHT="62" WIDTH="101" VPOS="563" HPOS="1010" CONTENT="comité" ID="r1l24_13" STYLEREFS="FONT0"/>
          </TextLine>
          <TextLine ID="r1l26" BASELINE="671" HEIGHT="74" WIDTH="953" VPOS="597" HPOS="154">
            <String HEIGHT="74" WIDTH="84" VPOS="597" HPOS="140" CONTENT="de" ID="r1l26_1" STYLEREFS="FONT0"/>
            <SP HEIGHT="74" WIDTH="14" VPOS="597" HPOS="224"/>
            <String HEIGHT="74" WIDTH="140" VPOS="597" HPOS="182" CONTENT="sûreté" ID="r1l26_2" STYLEREFS="FONT0"/>
            <SP HEIGHT="74" WIDTH="14" VPOS="597" HPOS="322"/>
            <String HEIGHT="74" WIDTH="182" VPOS="597" HPOS="280" CONTENT="générale;" ID="r1l26_3" STYLEREFS="FONT0"/>
            <SP HEIGHT="74" WIDTH="14" VPOS="597" HPOS="462"/>
            <String HEIGHT="74" WIDTH="140" VPOS="597" HPOS="420" CONTENT="Paris," ID="r1l26_4" STYLEREFS="FONT0"/>
            <SP HEIGHT="74" WIDTH="14" VPOS="597" HPOS="560"/>
            <String HEIGHT="74" WIDTH="140" VPOS="597" HPOS="518" CONTENT="prison" ID="r1l26_5" STYLEREFS="FONT0"/>
            <SP HEIGHT="74" WIDTH="14" VPOS="597" HPOS="659"/>
            <String HEIGHT="74" WIDTH="98" VPOS="597" HPOS="616" CONTENT="des" ID="r1l26_6" STYLEREFS="FONT0"/>
            <SP HEIGHT="74" WIDTH="14" VPOS="597" HPOS="715"/>
            <String HEIGHT="74" WIDTH="196" VPOS="597" HPOS="673" CONTENT="Anglaises," ID="r1l26_7" STYLEREFS="FONT0"/>
            <SP HEIGHT="74" WIDTH="14" VPOS="597" HPOS="869"/>
            <String HEIGHT="74" WIDTH="98" VPOS="597" HPOS="827" CONTENT="rue" ID="r1l26_8" STYLEREFS="FONT0"/>
            <SP HEIGHT="74" WIDTH="14" VPOS="597" HPOS="925"/>
            <String HEIGHT="74" WIDTH="84" VPOS="597" HPOS="883" CONTENT="de" ID="r1l26_9" STYLEREFS="FONT0"/>
            <SP HEIGHT="74" WIDTH="14" VPOS="597" HPOS="967"/>
            <String HEIGHT="74" WIDTH="196" VPOS="597" HPOS="925" CONTENT="l’Oursine," ID="r1l26_10" STYLEREFS="FONT0"/>
            <SP HEIGHT="74" WIDTH="14" VPOS="597" HPOS="1121"/>
            <String HEIGHT="74" WIDTH="42" VPOS="597" HPOS="1065" CONTENT="9" ID="r1l26_11" STYLEREFS="FONT0"/>
          </TextLine>
          <TextLine ID="r1l29" BASELINE="707" HEIGHT="69" WIDTH="674" VPOS="638" HPOS="153">
            <String HEIGHT="69" WIDTH="187" VPOS="638" HPOS="141" CONTENT="vendémiaire" ID="r1l29_1" STYLEREFS="FONT0"/>
            <SP HEIGHT="69" WIDTH="12" VPOS="638" HPOS="328"/>
            <String HEIGHT="69" WIDTH="75" VPOS="638" HPOS="290" CONTENT="an" ID="r1l29_2" STYLEREFS="FONT0"/>
            <SP HEIGHT="69" WIDTH="12" VPOS="638" HPOS="365"/>
            <String HEIGHT="69" WIDTH="100" VPOS="638" HPOS="328" CONTENT="III," ID="r1l29_3" STYLEREFS="FONT0"/>
            <SP HEIGHT="69" WIDTH="12" VPOS="638" HPOS="428"/>
            <String HEIGHT="69" WIDTH="87" VPOS="638" HPOS="390" CONTENT="3/4" ID="r1l29_4" STYLEREFS="FONT0"/>
            <SP HEIGHT="69" WIDTH="12" VPOS="638" HPOS="478"/>
            <String HEIGHT="69" WIDTH="75" VPOS="638" HPOS="440" CONTENT="de" ID="r1l29_5" STYLEREFS="FONT0"/>
            <SP HEIGHT="69" WIDTH="12" VPOS="638" HPOS="515"/>
            <String HEIGHT="69" WIDTH="75" VPOS="638" HPOS="478" CONTENT="p." ID="r1l29_6" STYLEREFS="FONT0"/>
            <SP HEIGHT="69" WIDTH="12" VPOS="638" HPOS="552"/>
            <String HEIGHT="69" WIDTH="112" VPOS="638" HPOS="515" CONTENT="in-4." ID="r1l29_7" STYLEREFS="FONT0"/>
            <SP HEIGHT="69" WIDTH="12" VPOS="638" HPOS="627"/>
            <String HEIGHT="69" WIDTH="212" VPOS="638" HPOS="590" CONTENT="Intéressante." ID="r1l29_8" STYLEREFS="FONT0"/>
            <SP HEIGHT="69" WIDTH="12" VPOS="638" HPOS="802"/>
            <String HEIGHT="69" WIDTH="62" VPOS="638" HPOS="765" CONTENT="3" ID="r1l29_9" STYLEREFS="FONT0"/>
            <SP HEIGHT="69" WIDTH="12" VPOS="638" HPOS="827"/>
            <String HEIGHT="69" WIDTH="50" VPOS="638" HPOS="777" CONTENT="50" ID="r1l29_10" STYLEREFS="FONT0"/>
          </TextLine>
          <TextLine ID="r1l30" BASELINE="739" HEIGHT="65" WIDTH="952" VPOS="674" HPOS="157">
            <String HEIGHT="65" WIDTH="108" VPOS="674" HPOS="145" CONTENT="19915" ID="r1l30_1" STYLEREFS="FONT0"/>
            <SP HEIGHT="65" WIDTH="12" VPOS="674" HPOS="253"/>
            <String HEIGHT="65" WIDTH="121" VPOS="674" HPOS="217" CONTENT="RACHEL" ID="r1l30_2" STYLEREFS="FONT0"/>
            <SP HEIGHT="65" WIDTH="12" VPOS="674" HPOS="338"/>
            <String HEIGHT="65" WIDTH="133" VPOS="674" HPOS="302" CONTENT="(Mlle)," ID="r1l30_3" STYLEREFS="FONT0"/>
            <SP HEIGHT="65" WIDTH="12" VPOS="674" HPOS="434"/>
            <String HEIGHT="65" WIDTH="133" VPOS="674" HPOS="398" CONTENT="célèbre" ID="r1l30_4" STYLEREFS="FONT0"/>
            <SP HEIGHT="65" WIDTH="12" VPOS="674" HPOS="531"/>
            <String HEIGHT="65" WIDTH="193" VPOS="674" HPOS="494" CONTENT="tragédienne." ID="r1l30_5" STYLEREFS="FONT0"/>
            <SP HEIGHT="65" WIDTH="12" VPOS="674" HPOS="687"/>
            <String HEIGHT="65" WIDTH="108" VPOS="674" HPOS="651" CONTENT="L." ID="r1l30_6" STYLEREFS="FONT2"/>
            <SP HEIGHT="65" WIDTH="12" VPOS="674" HPOS="760"/>
            <String HEIGHT="65" WIDTH="121" VPOS="674" HPOS="723" CONTENT="a." ID="r1l30_7" STYLEREFS="FONT2"/>
            <SP HEIGHT="65" WIDTH="12" VPOS="674" HPOS="844"/>
            <String HEIGHT="65" WIDTH="72" VPOS="674" HPOS="808" CONTENT="s." ID="r1l30_8" STYLEREFS="FONT0"/>
            <SP HEIGHT="65" WIDTH="12" VPOS="674" HPOS="880"/>
            <String HEIGHT="65" WIDTH="60" VPOS="674" HPOS="844" CONTENT="à" ID="r1l30_9" STYLEREFS="FONT0"/>
            <SP HEIGHT="65" WIDTH="12" VPOS="674" HPOS="904"/>
            <String HEIGHT="65" WIDTH="96" VPOS="674" HPOS="868" CONTENT="Mad." ID="r1l30_10" STYLEREFS="FONT0"/>
            <SP HEIGHT="65" WIDTH="12" VPOS="674" HPOS="964"/>
            <String HEIGHT="65" WIDTH="133" VPOS="674" HPOS="928" CONTENT="Cartel;" ID="r1l30_11" STYLEREFS="FONT0"/>
            <SP HEIGHT="65" WIDTH="12" VPOS="674" HPOS="1061"/>
            <String HEIGHT="65" WIDTH="96" VPOS="674" HPOS="1013" CONTENT="Brest," ID="r1l30_12" STYLEREFS="FONT0"/>
          </TextLine>
          <TextLine ID="r1l33" BASELINE="779" HEIGHT="64" WIDTH="879" VPOS="715" HPOS="151">
            <String HEIGHT="64" WIDTH="160" VPOS="715" HPOS="124" CONTENT="30" ID="r1l33_1" STYLEREFS="FONT0"/>
            <SP HEIGHT="64" WIDTH="27" VPOS="715" HPOS="284"/>
            <String HEIGHT="64" WIDTH="213" VPOS="715" HPOS="204" CONTENT="juin" ID="r1l33_2" STYLEREFS="FONT0"/>
            <SP HEIGHT="64" WIDTH="27" VPOS="715" HPOS="417"/>
            <String HEIGHT="64" WIDTH="240" VPOS="715" HPOS="337" CONTENT="1845," ID="r1l33_3" STYLEREFS="FONT0"/>
            <SP HEIGHT="64" WIDTH="27" VPOS="715" HPOS="577"/>
            <String HEIGHT="64" WIDTH="133" VPOS="715" HPOS="497" CONTENT="1" ID="r1l33_4" STYLEREFS="FONT0"/>
            <SP HEIGHT="64" WIDTH="27" VPOS="715" HPOS="630"/>
            <String HEIGHT="64" WIDTH="160" VPOS="715" HPOS="551" CONTENT="p." ID="r1l33_5" STYLEREFS="FONT0"/>
            <SP HEIGHT="64" WIDTH="27" VPOS="715" HPOS="710"/>
            <String HEIGHT="64" WIDTH="186" VPOS="715" HPOS="630" CONTENT="pl." ID="r1l33_6" STYLEREFS="FONT0"/>
            <SP HEIGHT="64" WIDTH="27" VPOS="715" HPOS="817"/>
            <String HEIGHT="64" WIDTH="240" VPOS="715" HPOS="737" CONTENT="in-8." ID="r1l33_7" STYLEREFS="FONT0"/>
            <SP HEIGHT="64" WIDTH="27" VPOS="715" HPOS="977"/>
            <String HEIGHT="64" WIDTH="160" VPOS="715" HPOS="897" CONTENT="10" ID="r1l33_8" STYLEREFS="FONT0"/>
            <SP HEIGHT="64" WIDTH="27" VPOS="715" HPOS="1057"/>
            <String HEIGHT="64" WIDTH="80" VPOS="715" HPOS="950" CONTENT="»" ID="r1l33_9" STYLEREFS="FONT0"/>
          </TextLine>
          <TextLine ID="r1l34" BASELINE="813" HEIGHT="71" WIDTH="918" VPOS="742" HPOS="193">
            <String HEIGHT="71" WIDTH="192" VPOS="742" HPOS="179" CONTENT="Très-jolie" ID="r1l34_1" STYLEREFS="FONT0"/>
            <SP HEIGHT="71" WIDTH="14" VPOS="742" HPOS="371"/>
            <String HEIGHT="71" WIDTH="151" VPOS="742" HPOS="330" CONTENT="lettre." ID="r1l34_2" STYLEREFS="FONT0"/>
            <SP HEIGHT="71" WIDTH="14" VPOS="742" HPOS="481"/>
            <String HEIGHT="71" WIDTH="110" VPOS="742" HPOS="440" CONTENT="Elle" ID="r1l34_3" STYLEREFS="FONT0"/>
            <SP HEIGHT="71" WIDTH="14" VPOS="742" HPOS="549"/>
            <String HEIGHT="71" WIDTH="123" VPOS="742" HPOS="508" CONTENT="pense" ID="r1l34_4" STYLEREFS="FONT0"/>
            <SP HEIGHT="71" WIDTH="14" VPOS="742" HPOS="631"/>
            <String HEIGHT="71" WIDTH="137" VPOS="742" HPOS="590" CONTENT="partir" ID="r1l34_5" STYLEREFS="FONT0"/>
            <SP HEIGHT="71" WIDTH="14" VPOS="742" HPOS="727"/>
            <String HEIGHT="71" WIDTH="82" VPOS="742" HPOS="686" CONTENT="le" ID="r1l34_6" STYLEREFS="FONT0"/>
            <SP HEIGHT="71" WIDTH="14" VPOS="742" HPOS="768"/>
            <String HEIGHT="71" WIDTH="178" VPOS="742" HPOS="727" CONTENT="lendemain" ID="r1l34_7" STYLEREFS="FONT0"/>
            <SP HEIGHT="71" WIDTH="14" VPOS="742" HPOS="905"/>
            <String HEIGHT="71" WIDTH="82" VPOS="742" HPOS="864" CONTENT="de" ID="r1l34_8" STYLEREFS="FONT0"/>
            <SP HEIGHT="71" WIDTH="14" VPOS="742" HPOS="947"/>
            <String HEIGHT="71" WIDTH="82" VPOS="742" HPOS="905" CONTENT="la" ID="r1l34_9" STYLEREFS="FONT0"/>
            <SP HEIGHT="71" WIDTH="14" VPOS="742" HPOS="988"/>
            <String HEIGHT="71" WIDTH="178" VPOS="742" HPOS="933" CONTENT="représenta" SUBS_TYPE="HypPart1" SUBS_CONTENT="représentation" ID="r1l34_10" STYLEREFS="FONT0"/>
            <HYP CONTENT="-"/>
          </TextLine>
          <TextLine ID="r1l36" BASELINE="850" HEIGHT="66" WIDTH="736" VPOS="784" HPOS="164">
            <String HEIGHT="66" WIDTH="81" VPOS="784" HPOS="154" CONTENT="tion" SUBS_TYPE="HypPart2" SUBS_CONTENT="représentation" ID="r1l36_1" STYLEREFS="FONT0"/>
            <SP HEIGHT="66" WIDTH="10" VPOS="784" HPOS="235"/>
            <String HEIGHT="66" WIDTH="60" VPOS="784" HPOS="204" CONTENT="de" ID="r1l36_2" STYLEREFS="FONT0"/>
            <SP HEIGHT="66" WIDTH="10" VPOS="784" HPOS="265"/>
            <String HEIGHT="66" WIDTH="192" VPOS="784" HPOS="235" CONTENT="Virginie" ID="r1l36_3" STYLEREFS="FONT2"/>
            <SP HEIGHT="66" WIDTH="10" VPOS="784" HPOS="426"/>
            <String HEIGHT="66" WIDTH="50" VPOS="784" HPOS="396" CONTENT="à" ID="r1l36_4" STYLEREFS="FONT0"/>
            <SP HEIGHT="66" WIDTH="10" VPOS="784" HPOS="446"/>
            <String HEIGHT="66" WIDTH="101" VPOS="784" HPOS="416" CONTENT="quatre" ID="r1l36_5" STYLEREFS="FONT0"/>
            <SP HEIGHT="66" WIDTH="10" VPOS="784" HPOS="517"/>
            <String HEIGHT="66" WIDTH="60" VPOS="784" HPOS="487" CONTENT="ou" ID="r1l36_6" STYLEREFS="FONT0"/>
            <SP HEIGHT="66" WIDTH="10" VPOS="784" HPOS="547"/>
            <String HEIGHT="66" WIDTH="81" VPOS="784" HPOS="517" CONTENT="cinq" ID="r1l36_7" STYLEREFS="FONT0"/>
            <SP HEIGHT="66" WIDTH="10" VPOS="784" HPOS="598"/>
            <String HEIGHT="66" WIDTH="101" VPOS="784" HPOS="567" CONTENT="heures" ID="r1l36_8" STYLEREFS="FONT0"/>
            <SP HEIGHT="66" WIDTH="10" VPOS="784" HPOS="668"/>
            <String HEIGHT="66" WIDTH="60" VPOS="784" HPOS="638" CONTENT="du" ID="r1l36_9" STYLEREFS="FONT0"/>
            <SP HEIGHT="66" WIDTH="10" VPOS="784" HPOS="698"/>
            <String HEIGHT="66" WIDTH="101" VPOS="784" HPOS="668" CONTENT="matin." ID="r1l36_10" STYLEREFS="FONT0"/>
            <SP HEIGHT="66" WIDTH="10" VPOS="784" HPOS="769"/>
            <String HEIGHT="66" WIDTH="81" VPOS="784" HPOS="739" CONTENT="Elle" ID="r1l36_11" STYLEREFS="FONT0"/>
            <SP HEIGHT="66" WIDTH="10" VPOS="784" HPOS="819"/>
            <String HEIGHT="66" WIDTH="60" VPOS="784" HPOS="789" CONTENT="la" ID="r1l36_12" STYLEREFS="FONT0"/>
            <SP HEIGHT="66" WIDTH="10" VPOS="784" HPOS="850"/>
            <String HEIGHT="66" WIDTH="81" VPOS="784" HPOS="819" CONTENT="prie" ID="r1l36_13" STYLEREFS="FONT0"/>
            <SP HEIGHT="66" WIDTH="10" VPOS="784" HPOS="900"/>
            <String HEIGHT="66" WIDTH="40" VPOS="784" HPOS="860" CONTENT="de" ID="r1l36_14" STYLEREFS="FONT0"/>
          </TextLine>
          <TextLine ID="r1l38" BASELINE="879" HEIGHT="58" WIDTH="734" VPOS="821" HPOS="161">
            <String HEIGHT="58" WIDTH="115" VPOS="821" HPOS="151" CONTENT="prendre" ID="r1l38_1" STYLEREFS="FONT0"/>
            <SP HEIGHT="58" WIDTH="10" VPOS="821" HPOS="266"/>
            <String HEIGHT="58" WIDTH="84" VPOS="821" HPOS="234" CONTENT="pour" ID="r1l38_2" STYLEREFS="FONT0"/>
            <SP HEIGHT="58" WIDTH="10" VPOS="821" HPOS="318"/>
            <String HEIGHT="58" WIDTH="84" VPOS="821" HPOS="287" CONTENT="elle" ID="r1l38_3" STYLEREFS="FONT0"/>
            <SP HEIGHT="58" WIDTH="10" VPOS="821" HPOS="371"/>
            <String HEIGHT="58" WIDTH="52" VPOS="821" HPOS="339" CONTENT="à" ID="r1l38_4" STYLEREFS="FONT0"/>
            <SP HEIGHT="58" WIDTH="10" VPOS="821" HPOS="392"/>
            <String HEIGHT="58" WIDTH="63" VPOS="821" HPOS="360" CONTENT="la" ID="r1l38_5" STYLEREFS="FONT0"/>
            <SP HEIGHT="58" WIDTH="10" VPOS="821" HPOS="423"/>
            <String HEIGHT="58" WIDTH="115" VPOS="821" HPOS="392" CONTENT="recette" ID="r1l38_6" STYLEREFS="FONT0"/>
            <SP HEIGHT="58" WIDTH="10" VPOS="821" HPOS="507"/>
            <String HEIGHT="58" WIDTH="126" VPOS="821" HPOS="476" CONTENT="générale" ID="r1l38_7" STYLEREFS="FONT0"/>
            <SP HEIGHT="58" WIDTH="10" VPOS="821" HPOS="601"/>
            <String HEIGHT="58" WIDTH="63" VPOS="821" HPOS="570" CONTENT="de" ID="r1l38_8" STYLEREFS="FONT0"/>
            <SP HEIGHT="58" WIDTH="10" VPOS="821" HPOS="633"/>
            <String HEIGHT="58" WIDTH="94" VPOS="821" HPOS="601" CONTENT="Brest" ID="r1l38_9" STYLEREFS="FONT0"/>
            <SP HEIGHT="58" WIDTH="10" VPOS="821" HPOS="696"/>
            <String HEIGHT="58" WIDTH="63" VPOS="821" HPOS="664" CONTENT="ce" ID="r1l38_10" STYLEREFS="FONT0"/>
            <SP HEIGHT="58" WIDTH="10" VPOS="821" HPOS="727"/>
            <String HEIGHT="58" WIDTH="73" VPOS="821" HPOS="696" CONTENT="qui" ID="r1l38_11" STYLEREFS="FONT0"/>
            <SP HEIGHT="58" WIDTH="10" VPOS="821" HPOS="769"/>
            <String HEIGHT="58" WIDTH="73" VPOS="821" HPOS="738" CONTENT="lui" ID="r1l38_12" STYLEREFS="FONT0"/>
            <SP HEIGHT="58" WIDTH="10" VPOS="821" HPOS="811"/>
            <String HEIGHT="58" WIDTH="115" VPOS="821" HPOS="780" CONTENT="révient" ID="r1l38_13" STYLEREFS="FONT0"/>
            <SP HEIGHT="58" WIDTH="10" VPOS="821" HPOS="895"/>
            <String HEIGHT="58" WIDTH="42" VPOS="821" HPOS="853" CONTENT="et" ID="r1l38_14" STYLEREFS="FONT0"/>
          </TextLine>
          <TextLine ID="r1l39" BASELINE="918" HEIGHT="78" WIDTH="958" VPOS="840" HPOS="165">
            <String HEIGHT="78" WIDTH="82" VPOS="840" HPOS="151" CONTENT="de" ID="r1l39_1" STYLEREFS="FONT0"/>
            <SP HEIGHT="78" WIDTH="14" VPOS="840" HPOS="233"/>
            <String HEIGHT="78" WIDTH="82" VPOS="840" HPOS="192" CONTENT="le" ID="r1l39_2" STYLEREFS="FONT0"/>
            <SP HEIGHT="78" WIDTH="14" VPOS="840" HPOS="274"/>
            <String HEIGHT="78" WIDTH="164" VPOS="840" HPOS="233" CONTENT="remettre" ID="r1l39_3" STYLEREFS="FONT0"/>
            <SP HEIGHT="78" WIDTH="14" VPOS="840" HPOS="398"/>
            <String HEIGHT="78" WIDTH="68" VPOS="840" HPOS="357" CONTENT="à" ID="r1l39_4" STYLEREFS="FONT0"/>
            <SP HEIGHT="78" WIDTH="14" VPOS="840" HPOS="425"/>
            <String HEIGHT="78" WIDTH="96" VPOS="840" HPOS="384" CONTENT="son" ID="r1l39_5" STYLEREFS="FONT0"/>
            <SP HEIGHT="78" WIDTH="14" VPOS="840" HPOS="480"/>
            <String HEIGHT="78" WIDTH="205" VPOS="840" HPOS="439" CONTENT="domestique," ID="r1l39_6" STYLEREFS="FONT0"/>
            <SP HEIGHT="78" WIDTH="14" VPOS="840" HPOS="644"/>
            <String HEIGHT="78" WIDTH="96" VPOS="840" HPOS="603" CONTENT="car" ID="r1l39_7" STYLEREFS="FONT0"/>
            <SP HEIGHT="78" WIDTH="14" VPOS="840" HPOS="699"/>
            <String HEIGHT="78" WIDTH="82" VPOS="840" HPOS="658" CONTENT="il" ID="r1l39_8" STYLEREFS="FONT0"/>
            <SP HEIGHT="78" WIDTH="14" VPOS="840" HPOS="740"/>
            <String HEIGHT="78" WIDTH="96" VPOS="840" HPOS="699" CONTENT="lui" ID="r1l39_9" STYLEREFS="FONT0"/>
            <SP HEIGHT="78" WIDTH="14" VPOS="840" HPOS="795"/>
            <String HEIGHT="78" WIDTH="137" VPOS="840" HPOS="753" CONTENT="serait" ID="r1l39_10" STYLEREFS="FONT0"/>
            <SP HEIGHT="78" WIDTH="14" VPOS="840" HPOS="890"/>
            <String HEIGHT="78" WIDTH="192" VPOS="840" HPOS="849" CONTENT="impossible" ID="r1l39_11" STYLEREFS="FONT0"/>
            <SP HEIGHT="78" WIDTH="14" VPOS="840" HPOS="1041"/>
            <String HEIGHT="78" WIDTH="137" VPOS="840" HPOS="986" CONTENT="d’empor" SUBS_TYPE="HypPart1" SUBS_CONTENT="d’emporter" ID="r1l39_12" STYLEREFS="FONT0"/>
            <HYP CONTENT="-"/>
          </TextLine>
          <TextLine ID="r1l41" BASELINE="942" HEIGHT="64" WIDTH="726" VPOS="878" HPOS="167">
            <String HEIGHT="64" WIDTH="75" VPOS="878" HPOS="156" CONTENT="ter" SUBS_TYPE="HypPart2" SUBS_CONTENT="d’emporter" ID="r1l41_1" STYLEREFS="FONT0"/>
            <SP HEIGHT="64" WIDTH="11" VPOS="878" HPOS="231"/>
            <String HEIGHT="64" WIDTH="75" VPOS="878" HPOS="199" CONTENT="les" ID="r1l41_2" STYLEREFS="FONT0"/>
            <SP HEIGHT="64" WIDTH="11" VPOS="878" HPOS="274"/>
            <String HEIGHT="64" WIDTH="85" VPOS="878" HPOS="242" CONTENT="écus" ID="r1l41_3" STYLEREFS="FONT0"/>
            <SP HEIGHT="64" WIDTH="11" VPOS="878" HPOS="327"/>
            <String HEIGHT="64" WIDTH="64" VPOS="878" HPOS="295" CONTENT="de" ID="r1l41_4" STYLEREFS="FONT0"/>
            <SP HEIGHT="64" WIDTH="11" VPOS="878" HPOS="359"/>
            <String HEIGHT="64" WIDTH="85" VPOS="878" HPOS="327" CONTENT="deux" ID="r1l41_5" STYLEREFS="FONT0"/>
            <SP HEIGHT="64" WIDTH="11" VPOS="878" HPOS="413"/>
            <String HEIGHT="64" WIDTH="214" VPOS="878" HPOS="381" CONTENT="représentations," ID="r1l41_6" STYLEREFS="FONT0"/>
            <SP HEIGHT="64" WIDTH="11" VPOS="878" HPOS="594"/>
            <String HEIGHT="64" WIDTH="64" VPOS="878" HPOS="562" CONTENT="et" ID="r1l41_7" STYLEREFS="FONT0"/>
            <SP HEIGHT="64" WIDTH="11" VPOS="878" HPOS="626"/>
            <String HEIGHT="64" WIDTH="149" VPOS="878" HPOS="594" CONTENT="d’ailleurs" ID="r1l41_8" STYLEREFS="FONT0"/>
            <SP HEIGHT="64" WIDTH="11" VPOS="878" HPOS="744"/>
            <String HEIGHT="64" WIDTH="64" VPOS="878" HPOS="712" CONTENT="ce" ID="r1l41_9" STYLEREFS="FONT0"/>
            <SP HEIGHT="64" WIDTH="11" VPOS="878" HPOS="776"/>
            <String HEIGHT="64" WIDTH="64" VPOS="878" HPOS="744" CONTENT="ne" ID="r1l41_10" STYLEREFS="FONT0"/>
            <SP HEIGHT="64" WIDTH="11" VPOS="878" HPOS="808"/>
            <String HEIGHT="64" WIDTH="107" VPOS="878" HPOS="776" CONTENT="serait" ID="r1l41_11" STYLEREFS="FONT0"/>
            <SP HEIGHT="64" WIDTH="11" VPOS="878" HPOS="882"/>
            <String HEIGHT="64" WIDTH="53" VPOS="878" HPOS="840" CONTENT="pas" ID="r1l41_12" STYLEREFS="FONT0"/>
          </TextLine>
          <TextLine ID="r1l43" BASELINE="975" HEIGHT="40" WIDTH="106" VPOS="935" HPOS="175">
            <String HEIGHT="40" WIDTH="136" VPOS="935" HPOS="145" CONTENT="rudent." ID="r1l43_1" STYLEREFS="FONT0"/>
          </TextLine>
          <TextLine ID="r1l44" BASELINE="1017" HEIGHT="83" WIDTH="949" VPOS="934" HPOS="175">
            <String HEIGHT="83" WIDTH="129" VPOS="934" HPOS="161" CONTENT="19916" ID="r1l44_1" STYLEREFS="FONT0"/>
            <SP HEIGHT="83" WIDTH="14" VPOS="934" HPOS="290"/>
            <String HEIGHT="83" WIDTH="244" VPOS="934" HPOS="247" CONTENT="RADONVILLIERS" ID="r1l44_2" STYLEREFS="FONT0"/>
            <SP HEIGHT="83" WIDTH="14" VPOS="934" HPOS="491"/>
            <String HEIGHT="83" WIDTH="115" VPOS="934" HPOS="448" CONTENT="(Ch." ID="r1l44_3" STYLEREFS="FONT0"/>
            <SP HEIGHT="83" WIDTH="14" VPOS="934" HPOS="563"/>
            <String HEIGHT="83" WIDTH="101" VPOS="934" HPOS="520" CONTENT="Fr." ID="r1l44_4" STYLEREFS="FONT0"/>
            <SP HEIGHT="83" WIDTH="14" VPOS="934" HPOS="621"/>
            <String HEIGHT="83" WIDTH="115" VPOS="934" HPOS="578" CONTENT="de)," ID="r1l44_5" STYLEREFS="FONT0"/>
            <SP HEIGHT="83" WIDTH="14" VPOS="934" HPOS="693"/>
            <String HEIGHT="83" WIDTH="144" VPOS="934" HPOS="650" CONTENT="savant" ID="r1l44_6" STYLEREFS="FONT0"/>
            <SP HEIGHT="83" WIDTH="14" VPOS="934" HPOS="793"/>
            <String HEIGHT="83" WIDTH="201" VPOS="934" HPOS="750" CONTENT="humaniste," ID="r1l44_7" STYLEREFS="FONT0"/>
            <SP HEIGHT="83" WIDTH="14" VPOS="934" HPOS="951"/>
            <String HEIGHT="83" WIDTH="201" VPOS="934" HPOS="908" CONTENT="précepteur" ID="r1l44_8" STYLEREFS="FONT0"/>
            <SP HEIGHT="83" WIDTH="14" VPOS="934" HPOS="1110"/>
            <String HEIGHT="83" WIDTH="72" VPOS="934" HPOS="1052" CONTENT="des" ID="r1l44_9" STYLEREFS="FONT0"/>
          </TextLine>
          <TextLine ID="r1l46" BASELINE="1046" HEIGHT="60" WIDTH="849" VPOS="986" HPOS="273">
            <String HEIGHT="60" WIDTH="128" VPOS="986" HPOS="261" CONTENT="Enfants" ID="r1l46_1" STYLEREFS="FONT0"/>
            <SP HEIGHT="60" WIDTH="12" VPOS="986" HPOS="389"/>
            <String HEIGHT="60" WIDTH="70" VPOS="986" HPOS="354" CONTENT="de" ID="r1l46_2" STYLEREFS="FONT0"/>
            <SP HEIGHT="60" WIDTH="12" VPOS="986" HPOS="424"/>
            <String HEIGHT="60" WIDTH="128" VPOS="986" HPOS="389" CONTENT="France," ID="r1l46_3" STYLEREFS="FONT0"/>
            <SP HEIGHT="60" WIDTH="12" VPOS="986" HPOS="517"/>
            <String HEIGHT="60" WIDTH="116" VPOS="986" HPOS="482" CONTENT="membre" ID="r1l46_4" STYLEREFS="FONT0"/>
            <SP HEIGHT="60" WIDTH="12" VPOS="986" HPOS="599"/>
            <String HEIGHT="60" WIDTH="70" VPOS="986" HPOS="564" CONTENT="de" ID="r1l46_5" STYLEREFS="FONT0"/>
            <SP HEIGHT="60" WIDTH="12" VPOS="986" HPOS="634"/>
            <String HEIGHT="60" WIDTH="163" VPOS="986" HPOS="599" CONTENT="l’Académie" ID="r1l46_6" STYLEREFS="FONT0"/>
            <SP HEIGHT="60" WIDTH="12" VPOS="986" HPOS="761"/>
            <String HEIGHT="60" WIDTH="163" VPOS="986" HPOS="727" CONTENT="française." ID="r1l46_7" STYLEREFS="FONT0"/>
            <SP HEIGHT="60" WIDTH="12" VPOS="986" HPOS="889"/>
            <String HEIGHT="60" WIDTH="105" VPOS="986" HPOS="855" CONTENT="L." ID="r1l46_8" STYLEREFS="FONT2"/>
            <SP HEIGHT="60" WIDTH="12" VPOS="986" HPOS="959"/>
            <String HEIGHT="60" WIDTH="116" VPOS="986" HPOS="924" CONTENT="a" ID="r1l46_9" STYLEREFS="FONT2"/>
            <SP HEIGHT="60" WIDTH="12" VPOS="986" HPOS="1041"/>
            <String HEIGHT="60" WIDTH="93" VPOS="986" HPOS="1006" CONTENT="s..;" ID="r1l46_10" STYLEREFS="FONT0"/>
            <SP HEIGHT="60" WIDTH="12" VPOS="986" HPOS="1099"/>
            <String HEIGHT="60" WIDTH="70" VPOS="986" HPOS="1052" CONTENT="Ver" SUBS_TYPE="HypPart1" SUBS_CONTENT="Versailles," ID="r1l46_11" STYLEREFS="FONT0"/>
            <HYP CONTENT="-"/>
          </TextLine>
          <TextLine ID="r1l49" BASELINE="1095" HEIGHT="61" WIDTH="639" VPOS="1034" HPOS="173">
            <String HEIGHT="61" WIDTH="118" VPOS="1034" HPOS="163" CONTENT="sailles," SUBS_TYPE="HypPart2" SUBS_CONTENT="Versailles," ID="r1l49_1" STYLEREFS="FONT0"/>
            <SP HEIGHT="61" WIDTH="10" VPOS="1034" HPOS="281"/>
            <String HEIGHT="61" WIDTH="49" VPOS="1034" HPOS="252" CONTENT="5" ID="r1l49_2" STYLEREFS="FONT0"/>
            <SP HEIGHT="61" WIDTH="10" VPOS="1034" HPOS="301"/>
            <String HEIGHT="61" WIDTH="69" VPOS="1034" HPOS="271" CONTENT="mai" ID="r1l49_3" STYLEREFS="FONT0"/>
            <SP HEIGHT="61" WIDTH="10" VPOS="1034" HPOS="340"/>
            <String HEIGHT="61" WIDTH="88" VPOS="1034" HPOS="311" CONTENT="1758," ID="r1l49_4" STYLEREFS="FONT0"/>
            <SP HEIGHT="61" WIDTH="10" VPOS="1034" HPOS="399"/>
            <String HEIGHT="61" WIDTH="49" VPOS="1034" HPOS="370" CONTENT="1" ID="r1l49_5" STYLEREFS="FONT0"/>
            <SP HEIGHT="61" WIDTH="10" VPOS="1034" HPOS="419"/>
            <String HEIGHT="61" WIDTH="59" VPOS="1034" HPOS="389" CONTENT="p." ID="r1l49_6" STYLEREFS="FONT0"/>
            <SP HEIGHT="61" WIDTH="10" VPOS="1034" HPOS="448"/>
            <String HEIGHT="61" WIDTH="69" VPOS="1034" HPOS="419" CONTENT="pl." ID="r1l49_7" STYLEREFS="FONT0"/>
            <SP HEIGHT="61" WIDTH="10" VPOS="1034" HPOS="488"/>
            <String HEIGHT="61" WIDTH="98" VPOS="1034" HPOS="458" CONTENT="in--4." ID="r1l49_8" STYLEREFS="FONT0"/>
            <SP HEIGHT="61" WIDTH="10" VPOS="1034" HPOS="556"/>
            <String HEIGHT="61" WIDTH="88" VPOS="1034" HPOS="527" CONTENT="Jolie" ID="r1l49_9" STYLEREFS="FONT0"/>
            <SP HEIGHT="61" WIDTH="10" VPOS="1034" HPOS="615"/>
            <String HEIGHT="61" WIDTH="108" VPOS="1034" HPOS="586" CONTENT="lettre." ID="r1l49_10" STYLEREFS="FONT0"/>
            <SP HEIGHT="61" WIDTH="10" VPOS="1034" HPOS="694"/>
            <String HEIGHT="61" WIDTH="128" VPOS="1034" HPOS="665" CONTENT="5&gt;unutozx" ID="r1l49_11" STYLEREFS="FONT0"/>
            <SP HEIGHT="61" WIDTH="10" VPOS="1034" HPOS="792"/>
            <String HEIGHT="61" WIDTH="49" VPOS="1034" HPOS="763" CONTENT="4" ID="r1l49_12" STYLEREFS="FONT0"/>
            <SP HEIGHT="61" WIDTH="10" VPOS="1034" HPOS="812"/>
            <String HEIGHT="61" WIDTH="39" VPOS="1034" HPOS="773" CONTENT="50" ID="r1l49_13" STYLEREFS="FONT0"/>
          </TextLine>
          <TextLine ID="r1l50" BASELINE="1129" HEIGHT="79" WIDTH="955" VPOS="1050" HPOS="170">
            <String HEIGHT="79" WIDTH="128" VPOS="1050" HPOS="156" CONTENT="19917" ID="r1l50_1" STYLEREFS="FONT0"/>
            <SP HEIGHT="79" WIDTH="14" VPOS="1050" HPOS="284"/>
            <String HEIGHT="79" WIDTH="157" VPOS="1050" HPOS="241" CONTENT="RAKOCZY" ID="r1l50_2" STYLEREFS="FONT0"/>
            <SP HEIGHT="79" WIDTH="14" VPOS="1050" HPOS="398"/>
            <String HEIGHT="79" WIDTH="171" VPOS="1050" HPOS="355" CONTENT="(Georges" ID="r1l50_3" STYLEREFS="FONT0"/>
            <SP HEIGHT="79" WIDTH="14" VPOS="1050" HPOS="526"/>
            <String HEIGHT="79" WIDTH="114" VPOS="1050" HPOS="484" CONTENT="II)," ID="r1l50_4" STYLEREFS="FONT0"/>
            <SP HEIGHT="79" WIDTH="14" VPOS="1050" HPOS="598"/>
            <String HEIGHT="79" WIDTH="143" VPOS="1050" HPOS="555" CONTENT="prince" ID="r1l50_5" STYLEREFS="FONT0"/>
            <SP HEIGHT="79" WIDTH="14" VPOS="1050" HPOS="697"/>
            <String HEIGHT="79" WIDTH="86" VPOS="1050" HPOS="655" CONTENT="de" ID="r1l50_6" STYLEREFS="FONT0"/>
            <SP HEIGHT="79" WIDTH="14" VPOS="1050" HPOS="740"/>
            <String HEIGHT="79" WIDTH="242" VPOS="1050" HPOS="697" CONTENT="Transylvanie," ID="r1l50_7" STYLEREFS="FONT0"/>
            <SP HEIGHT="79" WIDTH="14" VPOS="1050" HPOS="940"/>
            <String HEIGHT="79" WIDTH="157" VPOS="1050" HPOS="897" CONTENT="célèbre" ID="r1l50_8" STYLEREFS="FONT0"/>
            <SP HEIGHT="79" WIDTH="14" VPOS="1050" HPOS="1054"/>
            <String HEIGHT="79" WIDTH="100" VPOS="1050" HPOS="1011" CONTENT="par" ID="r1l50_9" STYLEREFS="FONT0"/>
            <SP HEIGHT="79" WIDTH="14" VPOS="1050" HPOS="1111"/>
            <String HEIGHT="79" WIDTH="71" VPOS="1050" HPOS="1054" CONTENT="ses" ID="r1l50_10" STYLEREFS="FONT0"/>
          </TextLine>
          <TextLine ID="r1l52" BASELINE="1161" HEIGHT="64" WIDTH="948" VPOS="1097" HPOS="176">
            <String HEIGHT="64" WIDTH="153" VPOS="1097" HPOS="162" CONTENT="juerres" ID="r1l52_1" STYLEREFS="FONT0"/>
            <SP HEIGHT="64" WIDTH="14" VPOS="1097" HPOS="315"/>
            <String HEIGHT="64" WIDTH="223" VPOS="1097" HPOS="274" CONTENT="malheureuses" ID="r1l52_2" STYLEREFS="FONT0"/>
            <SP HEIGHT="64" WIDTH="14" VPOS="1097" HPOS="497"/>
            <String HEIGHT="64" WIDTH="139" VPOS="1097" HPOS="455" CONTENT="contre" ID="r1l52_3" STYLEREFS="FONT0"/>
            <SP HEIGHT="64" WIDTH="14" VPOS="1097" HPOS="594"/>
            <String HEIGHT="64" WIDTH="98" VPOS="1097" HPOS="552" CONTENT="les" ID="r1l52_4" STYLEREFS="FONT0"/>
            <SP HEIGHT="64" WIDTH="14" VPOS="1097" HPOS="650"/>
            <String HEIGHT="64" WIDTH="167" VPOS="1097" HPOS="608" CONTENT="Polonais" ID="r1l52_5" STYLEREFS="FONT0"/>
            <SP HEIGHT="64" WIDTH="14" VPOS="1097" HPOS="775"/>
            <String HEIGHT="64" WIDTH="84" VPOS="1097" HPOS="734" CONTENT="et" ID="r1l52_6" STYLEREFS="FONT0"/>
            <SP HEIGHT="64" WIDTH="14" VPOS="1097" HPOS="817"/>
            <String HEIGHT="64" WIDTH="139" VPOS="1097" HPOS="775" CONTENT="contre" ID="r1l52_7" STYLEREFS="FONT0"/>
            <SP HEIGHT="64" WIDTH="14" VPOS="1097" HPOS="915"/>
            <String HEIGHT="64" WIDTH="98" VPOS="1097" HPOS="873" CONTENT="les" ID="r1l52_8" STYLEREFS="FONT0"/>
            <SP HEIGHT="64" WIDTH="14" VPOS="1097" HPOS="971"/>
            <String HEIGHT="64" WIDTH="139" VPOS="1097" HPOS="929" CONTENT="Turcs," ID="r1l52_9" STYLEREFS="FONT0"/>
            <SP HEIGHT="64" WIDTH="14" VPOS="1097" HPOS="1068"/>
            <String HEIGHT="64" WIDTH="98" VPOS="1097" HPOS="1026" CONTENT="qui" ID="r1l52_10" STYLEREFS="FONT0"/>
            <SP HEIGHT="64" WIDTH="14" VPOS="1097" HPOS="1124"/>
            <String HEIGHT="64" WIDTH="56" VPOS="1097" HPOS="1068" CONTENT="le" ID="r1l52_11" STYLEREFS="FONT0"/>
          </TextLine>
          <TextLine ID="r1l53" BASELINE="1200" HEIGHT="77" WIDTH="948" VPOS="1123" HPOS="175">
            <String HEIGHT="77" WIDTH="219" VPOS="1123" HPOS="160" CONTENT="déposèrent," ID="r1l53_1" STYLEREFS="FONT0"/>
            <SP HEIGHT="77" WIDTH="15" VPOS="1123" HPOS="379"/>
            <String HEIGHT="77" WIDTH="146" VPOS="1123" HPOS="335" CONTENT="blessé" ID="r1l53_2" STYLEREFS="FONT0"/>
            <SP HEIGHT="77" WIDTH="15" VPOS="1123" HPOS="481"/>
            <String HEIGHT="77" WIDTH="233" VPOS="1123" HPOS="438" CONTENT="mortellement" ID="r1l53_3" STYLEREFS="FONT0"/>
            <SP HEIGHT="77" WIDTH="15" VPOS="1123" HPOS="671"/>
            <String HEIGHT="77" WIDTH="73" VPOS="1123" HPOS="627" CONTENT="à" ID="r1l53_4" STYLEREFS="FONT0"/>
            <SP HEIGHT="77" WIDTH="15" VPOS="1123" HPOS="700"/>
            <String HEIGHT="77" WIDTH="88" VPOS="1123" HPOS="656" CONTENT="la" ID="r1l53_5" STYLEREFS="FONT0"/>
            <SP HEIGHT="77" WIDTH="15" VPOS="1123" HPOS="744"/>
            <String HEIGHT="77" WIDTH="175" VPOS="1123" HPOS="700" CONTENT="bataille" ID="r1l53_6" STYLEREFS="FONT0"/>
            <SP HEIGHT="77" WIDTH="15" VPOS="1123" HPOS="875"/>
            <String HEIGHT="77" WIDTH="88" VPOS="1123" HPOS="831" CONTENT="de" ID="r1l53_7" STYLEREFS="FONT0"/>
            <SP HEIGHT="77" WIDTH="15" VPOS="1123" HPOS="919"/>
            <String HEIGHT="77" WIDTH="248" VPOS="1123" HPOS="875" CONTENT="Klausenbourg." ID="r1l53_8" STYLEREFS="FONT0"/>
            <SP HEIGHT="77" WIDTH="15" VPOS="1123" HPOS="1123"/>
            <String HEIGHT="77" WIDTH="58" VPOS="1123" HPOS="1065" CONTENT="L." ID="r1l53_9" STYLEREFS="FONT0"/>
          </TextLine>
          <TextLine ID="r1l55" BASELINE="1225" HEIGHT="73" WIDTH="928" VPOS="1152" HPOS="166">
            <String HEIGHT="73" WIDTH="96" VPOS="1152" HPOS="152" CONTENT="s.," ID="r1l55_1" STYLEREFS="FONT0"/>
            <SP HEIGHT="73" WIDTH="14" VPOS="1152" HPOS="248"/>
            <String HEIGHT="73" WIDTH="109" VPOS="1152" HPOS="207" CONTENT="avec" ID="r1l55_2" STYLEREFS="FONT0"/>
            <SP HEIGHT="73" WIDTH="14" VPOS="1152" HPOS="316"/>
            <String HEIGHT="73" WIDTH="82" VPOS="1152" HPOS="275" CONTENT="la" ID="r1l55_3" STYLEREFS="FONT0"/>
            <SP HEIGHT="73" WIDTH="14" VPOS="1152" HPOS="357"/>
            <String HEIGHT="73" WIDTH="191" VPOS="1152" HPOS="316" CONTENT="souscript." ID="r1l55_4" STYLEREFS="FONT0"/>
            <SP HEIGHT="73" WIDTH="14" VPOS="1152" HPOS="507"/>
            <String HEIGHT="73" WIDTH="123" VPOS="1152" HPOS="466" CONTENT="aut.," ID="r1l55_5" STYLEREFS="FONT0"/>
            <SP HEIGHT="73" WIDTH="14" VPOS="1152" HPOS="589"/>
            <String HEIGHT="73" WIDTH="68" VPOS="1152" HPOS="548" CONTENT="à" ID="r1l55_6" STYLEREFS="FONT0"/>
            <SP HEIGHT="73" WIDTH="14" VPOS="1152" HPOS="616"/>
            <String HEIGHT="73" WIDTH="164" VPOS="1152" HPOS="575" CONTENT="Ladislas" ID="r1l55_7" STYLEREFS="FONT0"/>
            <SP HEIGHT="73" WIDTH="14" VPOS="1152" HPOS="739"/>
            <String HEIGHT="73" WIDTH="177" VPOS="1152" HPOS="698" CONTENT="Gyulaffy;" ID="r1l55_8" STYLEREFS="FONT0"/>
            <SP HEIGHT="73" WIDTH="14" VPOS="1152" HPOS="876"/>
            <String HEIGHT="73" WIDTH="82" VPOS="1152" HPOS="835" CONTENT="26" ID="r1l55_9" STYLEREFS="FONT0"/>
            <SP HEIGHT="73" WIDTH="14" VPOS="1152" HPOS="917"/>
            <String HEIGHT="73" WIDTH="109" VPOS="1152" HPOS="876" CONTENT="fév." ID="r1l55_10" STYLEREFS="FONT0"/>
            <SP HEIGHT="73" WIDTH="14" VPOS="1152" HPOS="985"/>
            <String HEIGHT="73" WIDTH="123" VPOS="1152" HPOS="944" CONTENT="1650," ID="r1l55_11" STYLEREFS="FONT0"/>
            <SP HEIGHT="73" WIDTH="14" VPOS="1152" HPOS="1067"/>
            <String HEIGHT="73" WIDTH="68" VPOS="1152" HPOS="1026" CONTENT="1" ID="r1l55_12" STYLEREFS="FONT0"/>
            <SP HEIGHT="73" WIDTH="14" VPOS="1152" HPOS="1094"/>
            <String HEIGHT="73" WIDTH="55" VPOS="1152" HPOS="1039" CONTENT="p." ID="r1l55_13" STYLEREFS="FONT0"/>
          </TextLine>
          <TextLine ID="r1l58" BASELINE="1269" HEIGHT="63" WIDTH="501" VPOS="1206" HPOS="178">
            <String HEIGHT="63" WIDTH="143" VPOS="1206" HPOS="166" CONTENT="in-fol.," ID="r1l58_1" STYLEREFS="FONT0"/>
            <SP HEIGHT="63" WIDTH="12" VPOS="1206" HPOS="309"/>
            <String HEIGHT="63" WIDTH="107" VPOS="1206" HPOS="273" CONTENT="trace" ID="r1l58_2" STYLEREFS="FONT0"/>
            <SP HEIGHT="63" WIDTH="12" VPOS="1206" HPOS="381"/>
            <String HEIGHT="63" WIDTH="72" VPOS="1206" HPOS="345" CONTENT="de" ID="r1l58_3" STYLEREFS="FONT0"/>
            <SP HEIGHT="63" WIDTH="12" VPOS="1206" HPOS="417"/>
            <String HEIGHT="63" WIDTH="131" VPOS="1206" HPOS="381" CONTENT="cachet." ID="r1l58_4" STYLEREFS="FONT0"/>
            <SP HEIGHT="63" WIDTH="12" VPOS="1206" HPOS="512"/>
            <String HEIGHT="63" WIDTH="107" VPOS="1206" HPOS="476" CONTENT="Belle" ID="r1l58_5" STYLEREFS="FONT0"/>
            <SP HEIGHT="63" WIDTH="12" VPOS="1206" HPOS="584"/>
            <String HEIGHT="63" WIDTH="119" VPOS="1206" HPOS="548" CONTENT="pièce." ID="r1l58_6" STYLEREFS="FONT0"/>
            <SP HEIGHT="63" WIDTH="12" VPOS="1206" HPOS="667"/>
            <String HEIGHT="63" WIDTH="60" VPOS="1206" HPOS="631" CONTENT="4" ID="r1l58_7" STYLEREFS="FONT0"/>
            <SP HEIGHT="63" WIDTH="12" VPOS="1206" HPOS="691"/>
            <String HEIGHT="63" WIDTH="36" VPOS="1206" HPOS="643" CONTENT="»" ID="r1l58_8" STYLEREFS="FONT0"/>
          </TextLine>
          <TextLine ID="r1l59" BASELINE="1298" HEIGHT="66" WIDTH="959" VPOS="1232" HPOS="175">
            <String HEIGHT="66" WIDTH="127" VPOS="1232" HPOS="161" CONTENT="19918" ID="r1l59_1" STYLEREFS="FONT0"/>
            <SP HEIGHT="66" WIDTH="14" VPOS="1232" HPOS="288"/>
            <String HEIGHT="66" WIDTH="127" VPOS="1232" HPOS="246" CONTENT="RANCÉ" ID="r1l59_2" STYLEREFS="FONT0"/>
            <SP HEIGHT="66" WIDTH="14" VPOS="1232" HPOS="372"/>
            <String HEIGHT="66" WIDTH="296" VPOS="1232" HPOS="330" CONTENT="(Jean-Anne-Armand" ID="r1l59_3" STYLEREFS="FONT0"/>
            <SP HEIGHT="66" WIDTH="14" VPOS="1232" HPOS="626"/>
            <String HEIGHT="66" WIDTH="113" VPOS="1232" HPOS="584" CONTENT="de)," ID="r1l59_4" STYLEREFS="FONT0"/>
            <SP HEIGHT="66" WIDTH="14" VPOS="1232" HPOS="697"/>
            <String HEIGHT="66" WIDTH="113" VPOS="1232" HPOS="655" CONTENT="abbé" ID="r1l59_5" STYLEREFS="FONT0"/>
            <SP HEIGHT="66" WIDTH="14" VPOS="1232" HPOS="767"/>
            <String HEIGHT="66" WIDTH="85" VPOS="1232" HPOS="725" CONTENT="et" ID="r1l59_6" STYLEREFS="FONT0"/>
            <SP HEIGHT="66" WIDTH="14" VPOS="1232" HPOS="810"/>
            <String HEIGHT="66" WIDTH="212" VPOS="1232" HPOS="767" CONTENT="réformateur" ID="r1l59_7" STYLEREFS="FONT0"/>
            <SP HEIGHT="66" WIDTH="14" VPOS="1232" HPOS="979"/>
            <String HEIGHT="66" WIDTH="85" VPOS="1232" HPOS="937" CONTENT="de" ID="r1l59_8" STYLEREFS="FONT0"/>
            <SP HEIGHT="66" WIDTH="14" VPOS="1232" HPOS="1021"/>
            <String HEIGHT="66" WIDTH="85" VPOS="1232" HPOS="979" CONTENT="la" ID="r1l59_9" STYLEREFS="FONT0"/>
            <SP HEIGHT="66" WIDTH="14" VPOS="1232" HPOS="1063"/>
            <String HEIGHT="66" WIDTH="127" VPOS="1232" HPOS="1007" CONTENT="Trappe." ID="r1l59_10" STYLEREFS="FONT0"/>
          </TextLine>
          <TextLine ID="r1l62" BASELINE="1347" HEIGHT="82" WIDTH="931" VPOS="1265" HPOS="175">
            <String HEIGHT="82" WIDTH="96" VPOS="1265" HPOS="159" CONTENT="L." ID="r1l62_1" STYLEREFS="FONT0"/>
            <SP HEIGHT="82" WIDTH="16" VPOS="1265" HPOS="255"/>
            <String HEIGHT="82" WIDTH="96" VPOS="1265" HPOS="207" CONTENT="s." ID="r1l62_2" STYLEREFS="FONT0"/>
            <SP HEIGHT="82" WIDTH="16" VPOS="1265" HPOS="303"/>
            <String HEIGHT="82" WIDTH="80" VPOS="1265" HPOS="255" CONTENT="à" ID="r1l62_3" STYLEREFS="FONT0"/>
            <SP HEIGHT="82" WIDTH="16" VPOS="1265" HPOS="336"/>
            <String HEIGHT="82" WIDTH="96" VPOS="1265" HPOS="287" CONTENT="M." ID="r1l62_4" STYLEREFS="FONT0"/>
            <SP HEIGHT="82" WIDTH="16" VPOS="1265" HPOS="384"/>
            <String HEIGHT="82" WIDTH="177" VPOS="1265" HPOS="336" CONTENT="Lenain;" ID="r1l62_5" STYLEREFS="FONT0"/>
            <SP HEIGHT="82" WIDTH="16" VPOS="1265" HPOS="512"/>
            <String HEIGHT="82" WIDTH="80" VPOS="1265" HPOS="464" CONTENT="1" ID="r1l62_6" STYLEREFS="FONT0"/>
            <SP HEIGHT="82" WIDTH="16" VPOS="1265" HPOS="544"/>
            <String HEIGHT="82" WIDTH="96" VPOS="1265" HPOS="496" CONTENT="p." ID="r1l62_7" STYLEREFS="FONT0"/>
            <SP HEIGHT="82" WIDTH="16" VPOS="1265" HPOS="592"/>
            <String HEIGHT="82" WIDTH="112" VPOS="1265" HPOS="544" CONTENT="3/4" ID="r1l62_8" STYLEREFS="FONT0"/>
            <SP HEIGHT="82" WIDTH="16" VPOS="1265" HPOS="657"/>
            <String HEIGHT="82" WIDTH="144" VPOS="1265" HPOS="608" CONTENT="in-4," ID="r1l62_9" STYLEREFS="FONT0"/>
            <SP HEIGHT="82" WIDTH="16" VPOS="1265" HPOS="753"/>
            <String HEIGHT="82" WIDTH="144" VPOS="1265" HPOS="705" CONTENT="trace" ID="r1l62_10" STYLEREFS="FONT0"/>
            <SP HEIGHT="82" WIDTH="16" VPOS="1265" HPOS="849"/>
            <String HEIGHT="82" WIDTH="96" VPOS="1265" HPOS="801" CONTENT="de" ID="r1l62_11" STYLEREFS="FONT0"/>
            <SP HEIGHT="82" WIDTH="16" VPOS="1265" HPOS="897"/>
            <String HEIGHT="82" WIDTH="177" VPOS="1265" HPOS="849" CONTENT="cachet." ID="r1l62_12" STYLEREFS="FONT0"/>
            <SP HEIGHT="82" WIDTH="16" VPOS="1265" HPOS="1026"/>
            <String HEIGHT="82" WIDTH="80" VPOS="1265" HPOS="978" CONTENT="6" ID="r1l62_13" STYLEREFS="FONT0"/>
            <SP HEIGHT="82" WIDTH="16" VPOS="1265" HPOS="1058"/>
            <String HEIGHT="82" WIDTH="112" VPOS="1265" HPOS="994" CONTENT="»" ID="r1l62_14" STYLEREFS="FONT0"/>
          </TextLine>
          <TextLine ID="r1l63" BASELINE="1372" HEIGHT="70" WIDTH="929" VPOS="1302" HPOS="206">
            <String HEIGHT="70" WIDTH="174" VPOS="1302" HPOS="191" CONTENT="Curieuse" ID="r1l63_1" STYLEREFS="FONT0"/>
            <SP HEIGHT="70" WIDTH="15" VPOS="1302" HPOS="366"/>
            <String HEIGHT="70" WIDTH="145" VPOS="1302" HPOS="322" CONTENT="épître" ID="r1l63_2" STYLEREFS="FONT0"/>
            <SP HEIGHT="70" WIDTH="15" VPOS="1302" HPOS="467"/>
            <String HEIGHT="70" WIDTH="174" VPOS="1302" HPOS="424" CONTENT="relative" ID="r1l63_3" STYLEREFS="FONT0"/>
            <SP HEIGHT="70" WIDTH="15" VPOS="1302" HPOS="598"/>
            <String HEIGHT="70" WIDTH="73" VPOS="1302" HPOS="554" CONTENT="à" ID="r1l63_4" STYLEREFS="FONT0"/>
            <SP HEIGHT="70" WIDTH="15" VPOS="1302" HPOS="627"/>
            <String HEIGHT="70" WIDTH="102" VPOS="1302" HPOS="583" CONTENT="Dom" ID="r1l63_5" STYLEREFS="FONT0"/>
            <SP HEIGHT="70" WIDTH="15" VPOS="1302" HPOS="685"/>
            <String HEIGHT="70" WIDTH="174" VPOS="1302" HPOS="641" CONTENT="Bernard," ID="r1l63_6" STYLEREFS="FONT0"/>
            <SP HEIGHT="70" WIDTH="15" VPOS="1302" HPOS="816"/>
            <String HEIGHT="70" WIDTH="102" VPOS="1302" HPOS="772" CONTENT="qui" ID="r1l63_7" STYLEREFS="FONT0"/>
            <SP HEIGHT="70" WIDTH="15" VPOS="1302" HPOS="874"/>
            <String HEIGHT="70" WIDTH="102" VPOS="1302" HPOS="830" CONTENT="est" ID="r1l63_8" STYLEREFS="FONT0"/>
            <SP HEIGHT="70" WIDTH="15" VPOS="1302" HPOS="932"/>
            <String HEIGHT="70" WIDTH="87" VPOS="1302" HPOS="888" CONTENT="un" ID="r1l63_9" STYLEREFS="FONT0"/>
            <SP HEIGHT="70" WIDTH="15" VPOS="1302" HPOS="975"/>
            <String HEIGHT="70" WIDTH="189" VPOS="1302" HPOS="932" CONTENT="religieux" ID="r1l63_10" STYLEREFS="FONT0"/>
            <SP HEIGHT="70" WIDTH="15" VPOS="1302" HPOS="1120"/>
            <String HEIGHT="70" WIDTH="73" VPOS="1302" HPOS="1062" CONTENT="qui" ID="r1l63_11" STYLEREFS="FONT0"/>
          </TextLine>
          <TextLine ID="r1l64" BASELINE="1404" HEIGHT="64" WIDTH="966" VPOS="1340" HPOS="178">
            <String HEIGHT="64" WIDTH="168" VPOS="1340" HPOS="164" CONTENT="«parlera" ID="r1l64_1" STYLEREFS="FONT0"/>
            <SP HEIGHT="64" WIDTH="14" VPOS="1340" HPOS="332"/>
            <String HEIGHT="64" WIDTH="168" VPOS="1340" HPOS="290" CONTENT="beaucoup" ID="r1l64_2" STYLEREFS="FONT0"/>
            <SP HEIGHT="64" WIDTH="14" VPOS="1340" HPOS="458"/>
            <String HEIGHT="64" WIDTH="84" VPOS="1340" HPOS="416" CONTENT="et" ID="r1l64_3" STYLEREFS="FONT0"/>
            <SP HEIGHT="64" WIDTH="14" VPOS="1340" HPOS="500"/>
            <String HEIGHT="64" WIDTH="112" VPOS="1340" HPOS="458" CONTENT="dira" ID="r1l64_4" STYLEREFS="FONT0"/>
            <SP HEIGHT="64" WIDTH="14" VPOS="1340" HPOS="570"/>
            <String HEIGHT="64" WIDTH="112" VPOS="1340" HPOS="528" CONTENT="bien" ID="r1l64_5" STYLEREFS="FONT0"/>
            <SP HEIGHT="64" WIDTH="14" VPOS="1340" HPOS="640"/>
            <String HEIGHT="64" WIDTH="98" VPOS="1340" HPOS="598" CONTENT="des" ID="r1l64_6" STYLEREFS="FONT0"/>
            <SP HEIGHT="64" WIDTH="14" VPOS="1340" HPOS="696"/>
            <String HEIGHT="64" WIDTH="140" VPOS="1340" HPOS="654" CONTENT="choses" ID="r1l64_7" STYLEREFS="FONT0"/>
            <SP HEIGHT="64" WIDTH="14" VPOS="1340" HPOS="794"/>
            <String HEIGHT="64" WIDTH="98" VPOS="1340" HPOS="752" CONTENT="qui" ID="r1l64_8" STYLEREFS="FONT0"/>
            <SP HEIGHT="64" WIDTH="14" VPOS="1340" HPOS="850"/>
            <String HEIGHT="64" WIDTH="84" VPOS="1340" HPOS="808" CONTENT="ne" ID="r1l64_9" STYLEREFS="FONT0"/>
            <SP HEIGHT="64" WIDTH="14" VPOS="1340" HPOS="892"/>
            <String HEIGHT="64" WIDTH="140" VPOS="1340" HPOS="850" CONTENT="seront" ID="r1l64_10" STYLEREFS="FONT0"/>
            <SP HEIGHT="64" WIDTH="14" VPOS="1340" HPOS="990"/>
            <String HEIGHT="64" WIDTH="98" VPOS="1340" HPOS="948" CONTENT="pas" ID="r1l64_11" STYLEREFS="FONT0"/>
            <SP HEIGHT="64" WIDTH="14" VPOS="1340" HPOS="1046"/>
            <String HEIGHT="64" WIDTH="140" VPOS="1340" HPOS="1004" CONTENT="vraies" ID="r1l64_12" STYLEREFS="FONT0"/>
            <SP HEIGHT="64" WIDTH="14" VPOS="1340" HPOS="1144"/>
            <String HEIGHT="64" WIDTH="56" VPOS="1340" HPOS="1088" CONTENT="et" ID="r1l64_13" STYLEREFS="FONT0"/>
          </TextLine>
          <TextLine ID="r1l66" BASELINE="1443" HEIGHT="55" WIDTH="364" VPOS="1388" HPOS="184">
            <String HEIGHT="55" WIDTH="121" VPOS="1388" HPOS="171" CONTENT="qu’il" ID="r1l66_1" STYLEREFS="FONT0"/>
            <SP HEIGHT="55" WIDTH="13" VPOS="1388" HPOS="292"/>
            <String HEIGHT="55" WIDTH="81" VPOS="1388" HPOS="251" CONTENT="ne" ID="r1l66_2" STYLEREFS="FONT0"/>
            <SP HEIGHT="55" WIDTH="13" VPOS="1388" HPOS="332"/>
            <String HEIGHT="55" WIDTH="148" VPOS="1388" HPOS="292" CONTENT="devrait" ID="r1l66_3" STYLEREFS="FONT0"/>
            <SP HEIGHT="55" WIDTH="13" VPOS="1388" HPOS="440"/>
            <String HEIGHT="55" WIDTH="94" VPOS="1388" HPOS="400" CONTENT="pas" ID="r1l66_4" STYLEREFS="FONT0"/>
            <SP HEIGHT="55" WIDTH="13" VPOS="1388" HPOS="494"/>
            <String HEIGHT="55" WIDTH="108" VPOS="1388" HPOS="440" CONTENT="dire.»" ID="r1l66_5" STYLEREFS="FONT0"/>
          </TextLine>
          <TextLine ID="r1l68" BASELINE="1493" HEIGHT="81" WIDTH="950" VPOS="1412" HPOS="190">
            <String HEIGHT="81" WIDTH="122" VPOS="1412" HPOS="176" CONTENT="19919" ID="r1l68_1" STYLEREFS="FONT0"/>
            <SP HEIGHT="81" WIDTH="14" VPOS="1412" HPOS="299"/>
            <String HEIGHT="81" WIDTH="122" VPOS="1412" HPOS="258" CONTENT="REBER" ID="r1l68_2" STYLEREFS="FONT0"/>
            <SP HEIGHT="81" WIDTH="14" VPOS="1412" HPOS="380"/>
            <String HEIGHT="81" WIDTH="163" VPOS="1412" HPOS="339" CONTENT="(Henri)," ID="r1l68_3" STYLEREFS="FONT0"/>
            <SP HEIGHT="81" WIDTH="14" VPOS="1412" HPOS="502"/>
            <String HEIGHT="81" WIDTH="204" VPOS="1412" HPOS="461" CONTENT="compositeur" ID="r1l68_4" STYLEREFS="FONT0"/>
            <SP HEIGHT="81" WIDTH="14" VPOS="1412" HPOS="665"/>
            <String HEIGHT="81" WIDTH="81" VPOS="1412" HPOS="624" CONTENT="de" ID="r1l68_5" STYLEREFS="FONT0"/>
            <SP HEIGHT="81" WIDTH="14" VPOS="1412" HPOS="706"/>
            <String HEIGHT="81" WIDTH="163" VPOS="1412" HPOS="665" CONTENT="musique," ID="r1l68_6" STYLEREFS="FONT0"/>
            <SP HEIGHT="81" WIDTH="14" VPOS="1412" HPOS="828"/>
            <String HEIGHT="81" WIDTH="136" VPOS="1412" HPOS="787" CONTENT="membre" ID="r1l68_7" STYLEREFS="FONT0"/>
            <SP HEIGHT="81" WIDTH="14" VPOS="1412" HPOS="923"/>
            <String HEIGHT="81" WIDTH="81" VPOS="1412" HPOS="882" CONTENT="de" ID="r1l68_8" STYLEREFS="FONT0"/>
            <SP HEIGHT="81" WIDTH="14" VPOS="1412" HPOS="964"/>
            <String HEIGHT="81" WIDTH="204" VPOS="1412" HPOS="923" CONTENT="l’Institut." ID="r1l68_9" STYLEREFS="FONT0"/>
            <SP HEIGHT="81" WIDTH="14" VPOS="1412" HPOS="1126"/>
            <String HEIGHT="81" WIDTH="68" VPOS="1412" HPOS="1072" CONTENT="L&lt;." ID="r1l68_10" STYLEREFS="FONT0"/>
          </TextLine>
          <TextLine ID="r1l71" BASELINE="1519" HEIGHT="50" WIDTH="441" VPOS="1469" HPOS="178">
            <String HEIGHT="50" WIDTH="93" VPOS="1469" HPOS="166" CONTENT="a." ID="r1l71_1" STYLEREFS="FONT2"/>
            <SP HEIGHT="50" WIDTH="12" VPOS="1469" HPOS="259"/>
            <String HEIGHT="50" WIDTH="81" VPOS="1469" HPOS="224" CONTENT="s.;" ID="r1l71_2" STYLEREFS="FONT2"/>
            <SP HEIGHT="50" WIDTH="12" VPOS="1469" HPOS="306"/>
            <String HEIGHT="50" WIDTH="70" VPOS="1469" HPOS="271" CONTENT="27" ID="r1l71_3" STYLEREFS="FONT2"/>
            <SP HEIGHT="50" WIDTH="12" VPOS="1469" HPOS="340"/>
            <String HEIGHT="50" WIDTH="93" VPOS="1469" HPOS="306" CONTENT="mars" ID="r1l71_4" STYLEREFS="FONT2"/>
            <SP HEIGHT="50" WIDTH="12" VPOS="1469" HPOS="399"/>
            <String HEIGHT="50" WIDTH="104" VPOS="1469" HPOS="364" CONTENT="1847," ID="r1l71_5" STYLEREFS="FONT2"/>
            <SP HEIGHT="50" WIDTH="12" VPOS="1469" HPOS="468"/>
            <String HEIGHT="50" WIDTH="58" VPOS="1469" HPOS="433" CONTENT="2" ID="r1l71_6" STYLEREFS="FONT2"/>
            <SP HEIGHT="50" WIDTH="12" VPOS="1469" HPOS="491"/>
            <String HEIGHT="50" WIDTH="70" VPOS="1469" HPOS="457" CONTENT="p." ID="r1l71_7" STYLEREFS="FONT2"/>
            <SP HEIGHT="50" WIDTH="12" VPOS="1469" HPOS="526"/>
            <String HEIGHT="50" WIDTH="104" VPOS="1469" HPOS="491" CONTENT="in-8." ID="r1l71_8" STYLEREFS="FONT2"/>
            <SP HEIGHT="50" WIDTH="12" VPOS="1469" HPOS="596"/>
            <String HEIGHT="50" WIDTH="46" VPOS="1469" HPOS="561" CONTENT="" ID="r1l71_9" STYLEREFS="FONT2"/>
            <SP HEIGHT="50" WIDTH="12" VPOS="1469" HPOS="607"/>
            <String HEIGHT="50" WIDTH="58" VPOS="1469" HPOS="573" CONTENT="2" ID="r1l71_10" STYLEREFS="FONT2"/>
            <SP HEIGHT="50" WIDTH="12" VPOS="1469" HPOS="631"/>
            <String HEIGHT="50" WIDTH="35" VPOS="1469" HPOS="584" CONTENT="»" ID="r1l71_11" STYLEREFS="FONT2"/>
          </TextLine>
          <TextLine ID="r1l72" BASELINE="1557" HEIGHT="81" WIDTH="952" VPOS="1476" HPOS="185">
            <String HEIGHT="81" WIDTH="117" VPOS="1476" HPOS="172" CONTENT="19920" ID="r1l72_1" STYLEREFS="FONT0"/>
            <SP HEIGHT="81" WIDTH="13" VPOS="1476" HPOS="289"/>
            <String HEIGHT="81" WIDTH="156" VPOS="1476" HPOS="250" CONTENT="RÉCAMIER" ID="r1l72_2" STYLEREFS="FONT0"/>
            <SP HEIGHT="81" WIDTH="13" VPOS="1476" HPOS="407"/>
            <String HEIGHT="81" WIDTH="104" VPOS="1476" HPOS="368" CONTENT="(Mme" ID="r1l72_3" STYLEREFS="FONT0"/>
            <SP HEIGHT="81" WIDTH="13" VPOS="1476" HPOS="472"/>
            <String HEIGHT="81" WIDTH="183" VPOS="1476" HPOS="433" CONTENT="Juliette)," ID="r1l72_4" STYLEREFS="FONT0"/>
            <SP HEIGHT="81" WIDTH="13" VPOS="1476" HPOS="615"/>
            <String HEIGHT="81" WIDTH="117" VPOS="1476" HPOS="576" CONTENT="femme" ID="r1l72_5" STYLEREFS="FONT0"/>
            <SP HEIGHT="81" WIDTH="13" VPOS="1476" HPOS="694"/>
            <String HEIGHT="81" WIDTH="143" VPOS="1476" HPOS="654" CONTENT="célèbre" ID="r1l72_6" STYLEREFS="FONT0"/>
            <SP HEIGHT="81" WIDTH="13" VPOS="1476" HPOS="798"/>
            <String HEIGHT="81" WIDTH="91" VPOS="1476" HPOS="759" CONTENT="par" ID="r1l72_7" STYLEREFS="FONT0"/>
            <SP HEIGHT="81" WIDTH="13" VPOS="1476" HPOS="850"/>
            <String HEIGHT="81" WIDTH="78" VPOS="1476" HPOS="811" CONTENT="sa" ID="r1l72_8" STYLEREFS="FONT0"/>
            <SP HEIGHT="81" WIDTH="13" VPOS="1476" HPOS="889"/>
            <String HEIGHT="81" WIDTH="130" VPOS="1476" HPOS="850" CONTENT="beauté" ID="r1l72_9" STYLEREFS="FONT0"/>
            <SP HEIGHT="81" WIDTH="13" VPOS="1476" HPOS="981"/>
            <String HEIGHT="81" WIDTH="78" VPOS="1476" HPOS="941" CONTENT="et" ID="r1l72_10" STYLEREFS="FONT0"/>
            <SP HEIGHT="81" WIDTH="13" VPOS="1476" HPOS="1020"/>
            <String HEIGHT="81" WIDTH="91" VPOS="1476" HPOS="981" CONTENT="son" ID="r1l72_11" STYLEREFS="FONT0"/>
            <SP HEIGHT="81" WIDTH="13" VPOS="1476" HPOS="1072"/>
            <String HEIGHT="81" WIDTH="117" VPOS="1476" HPOS="1020" CONTENT="esprit," ID="r1l72_12" STYLEREFS="FONT0"/>
          </TextLine>
          <TextLine ID="r1l74" BASELINE="1591" HEIGHT="73" WIDTH="958" VPOS="1518" HPOS="186">
            <String HEIGHT="73" WIDTH="75" VPOS="1518" HPOS="174" CONTENT="la" ID="r1l74_1" STYLEREFS="FONT0"/>
            <SP HEIGHT="73" WIDTH="12" VPOS="1518" HPOS="248"/>
            <String HEIGHT="73" WIDTH="112" VPOS="1518" HPOS="211" CONTENT="reine" ID="r1l74_2" STYLEREFS="FONT0"/>
            <SP HEIGHT="73" WIDTH="12" VPOS="1518" HPOS="323"/>
            <String HEIGHT="73" WIDTH="75" VPOS="1518" HPOS="286" CONTENT="de" ID="r1l74_3" STYLEREFS="FONT0"/>
            <SP HEIGHT="73" WIDTH="12" VPOS="1518" HPOS="360"/>
            <String HEIGHT="73" WIDTH="274" VPOS="1518" HPOS="323" CONTENT="l’Abbave-aux-Bois." ID="r1l74_4" STYLEREFS="FONT0"/>
            <SP HEIGHT="73" WIDTH="12" VPOS="1518" HPOS="597"/>
            <String HEIGHT="73" WIDTH="112" VPOS="1518" HPOS="559" CONTENT="L." ID="r1l74_5" STYLEREFS="FONT2"/>
            <SP HEIGHT="73" WIDTH="12" VPOS="1518" HPOS="671"/>
            <String HEIGHT="73" WIDTH="124" VPOS="1518" HPOS="634" CONTENT="a" ID="r1l74_6" STYLEREFS="FONT2"/>
            <SP HEIGHT="73" WIDTH="12" VPOS="1518" HPOS="758"/>
            <String HEIGHT="73" WIDTH="75" VPOS="1518" HPOS="721" CONTENT="s." ID="r1l74_7" STYLEREFS="FONT0"/>
            <SP HEIGHT="73" WIDTH="12" VPOS="1518" HPOS="796"/>
            <String HEIGHT="73" WIDTH="62" VPOS="1518" HPOS="758" CONTENT="à" ID="r1l74_8" STYLEREFS="FONT0"/>
            <SP HEIGHT="73" WIDTH="12" VPOS="1518" HPOS="821"/>
            <String HEIGHT="73" WIDTH="112" VPOS="1518" HPOS="783" CONTENT="M...;" ID="r1l74_9" STYLEREFS="FONT0"/>
            <SP HEIGHT="73" WIDTH="12" VPOS="1518" HPOS="895"/>
            <String HEIGHT="73" WIDTH="137" VPOS="1518" HPOS="858" CONTENT="Clichy," ID="r1l74_10" STYLEREFS="FONT0"/>
            <SP HEIGHT="73" WIDTH="12" VPOS="1518" HPOS="995"/>
            <String HEIGHT="73" WIDTH="62" VPOS="1518" HPOS="957" CONTENT="1" ID="r1l74_11" STYLEREFS="FONT0"/>
            <SP HEIGHT="73" WIDTH="12" VPOS="1518" HPOS="1020"/>
            <String HEIGHT="73" WIDTH="75" VPOS="1518" HPOS="982" CONTENT="p." ID="r1l74_12" STYLEREFS="FONT0"/>
            <SP HEIGHT="73" WIDTH="12" VPOS="1518" HPOS="1057"/>
            <String HEIGHT="73" WIDTH="112" VPOS="1518" HPOS="1020" CONTENT="in-18" ID="r1l74_13" STYLEREFS="FONT0"/>
            <SP HEIGHT="73" WIDTH="12" VPOS="1518" HPOS="1132"/>
            <String HEIGHT="73" WIDTH="62" VPOS="1518" HPOS="1082" CONTENT="en" SUBS_TYPE="HypPart1" SUBS_CONTENT="entourages" ID="r1l74_14" STYLEREFS="FONT0"/>
            <HYP CONTENT="-"/>
          </TextLine>
          <TextLine ID="r1l77" BASELINE="1624" HEIGHT="52" WIDTH="588" VPOS="1572" HPOS="183">
            <String HEIGHT="52" WIDTH="147" VPOS="1572" HPOS="171" CONTENT="tourages" SUBS_TYPE="HypPart2" SUBS_CONTENT="entourages" ID="r1l77_1" STYLEREFS="FONT0"/>
            <SP HEIGHT="52" WIDTH="12" VPOS="1572" HPOS="318"/>
            <String HEIGHT="52" WIDTH="123" VPOS="1572" HPOS="281" CONTENT="verts." ID="r1l77_2" STYLEREFS="FONT0"/>
            <SP HEIGHT="52" WIDTH="12" VPOS="1572" HPOS="404"/>
            <String HEIGHT="52" WIDTH="110" VPOS="1572" HPOS="367" CONTENT="Jolie" ID="r1l77_3" STYLEREFS="FONT0"/>
            <SP HEIGHT="52" WIDTH="12" VPOS="1572" HPOS="477"/>
            <String HEIGHT="52" WIDTH="135" VPOS="1572" HPOS="440" CONTENT="lettre." ID="r1l77_4" STYLEREFS="FONT0"/>
            <SP HEIGHT="52" WIDTH="12" VPOS="1572" HPOS="575"/>
            <String HEIGHT="52" WIDTH="196" VPOS="1572" HPOS="538" CONTENT="Rare" ID="r1l77_5" STYLEREFS="FONT2"/>
            <SP HEIGHT="52" WIDTH="12" VPOS="1572" HPOS="734"/>
            <String HEIGHT="52" WIDTH="49" VPOS="1572" HPOS="698" CONTENT="" ID="r1l77_6" STYLEREFS="FONT0"/>
            <SP HEIGHT="52" WIDTH="12" VPOS="1572" HPOS="747"/>
            <String HEIGHT="52" WIDTH="74" VPOS="1572" HPOS="710" CONTENT="20" ID="r1l77_7" STYLEREFS="FONT0"/>
            <SP HEIGHT="52" WIDTH="12" VPOS="1572" HPOS="783"/>
            <String HEIGHT="52" WIDTH="37" VPOS="1572" HPOS="734" CONTENT="»" ID="r1l77_8" STYLEREFS="FONT0"/>
          </TextLine>
          <TextLine ID="r1l78" BASELINE="1664" HEIGHT="74" WIDTH="959" VPOS="1590" HPOS="187">
            <String HEIGHT="74" WIDTH="123" VPOS="1590" HPOS="173" CONTENT="19921" ID="r1l78_1" STYLEREFS="FONT0"/>
            <SP HEIGHT="74" WIDTH="14" VPOS="1590" HPOS="297"/>
            <String HEIGHT="74" WIDTH="110" VPOS="1590" HPOS="256" CONTENT="RENÉ" ID="r1l78_2" STYLEREFS="FONT0"/>
            <SP HEIGHT="74" WIDTH="14" VPOS="1590" HPOS="365"/>
            <String HEIGHT="74" WIDTH="96" VPOS="1590" HPOS="324" CONTENT="II," ID="r1l78_3" STYLEREFS="FONT0"/>
            <SP HEIGHT="74" WIDTH="14" VPOS="1590" HPOS="420"/>
            <String HEIGHT="74" WIDTH="96" VPOS="1590" HPOS="379" CONTENT="duc" ID="r1l78_4" STYLEREFS="FONT0"/>
            <SP HEIGHT="74" WIDTH="14" VPOS="1590" HPOS="475"/>
            <String HEIGHT="74" WIDTH="82" VPOS="1590" HPOS="434" CONTENT="de" ID="r1l78_5" STYLEREFS="FONT0"/>
            <SP HEIGHT="74" WIDTH="14" VPOS="1590" HPOS="516"/>
            <String HEIGHT="74" WIDTH="178" VPOS="1590" HPOS="475" CONTENT="Lorraine," ID="r1l78_6" STYLEREFS="FONT0"/>
            <SP HEIGHT="74" WIDTH="14" VPOS="1590" HPOS="653"/>
            <String HEIGHT="74" WIDTH="82" VPOS="1590" HPOS="612" CONTENT="le" ID="r1l78_7" STYLEREFS="FONT0"/>
            <SP HEIGHT="74" WIDTH="14" VPOS="1590" HPOS="694"/>
            <String HEIGHT="74" WIDTH="178" VPOS="1590" HPOS="653" CONTENT="vainqueur" ID="r1l78_8" STYLEREFS="FONT0"/>
            <SP HEIGHT="74" WIDTH="14" VPOS="1590" HPOS="831"/>
            <String HEIGHT="74" WIDTH="82" VPOS="1590" HPOS="790" CONTENT="de" ID="r1l78_9" STYLEREFS="FONT0"/>
            <SP HEIGHT="74" WIDTH="14" VPOS="1590" HPOS="872"/>
            <String HEIGHT="74" WIDTH="329" VPOS="1590" HPOS="831" CONTENT="Charles-le-Téméraire" ID="r1l78_10" STYLEREFS="FONT0"/>
            <SP HEIGHT="74" WIDTH="14" VPOS="1590" HPOS="1160"/>
            <String HEIGHT="74" WIDTH="41" VPOS="1590" HPOS="1105" CONTENT="à" ID="r1l78_11" STYLEREFS="FONT0"/>
          </TextLine>
          <TextLine ID="r1l80" BASELINE="1697" HEIGHT="75" WIDTH="963" VPOS="1622" HPOS="185">
            <String HEIGHT="75" WIDTH="140" VPOS="1622" HPOS="171" CONTENT="Nancy." ID="r1l80_1" STYLEREFS="FONT0"/>
            <SP HEIGHT="75" WIDTH="14" VPOS="1622" HPOS="311"/>
            <String HEIGHT="75" WIDTH="84" VPOS="1622" HPOS="269" CONTENT="L." ID="r1l80_2" STYLEREFS="FONT0"/>
            <SP HEIGHT="75" WIDTH="14" VPOS="1622" HPOS="352"/>
            <String HEIGHT="75" WIDTH="112" VPOS="1622" HPOS="311" CONTENT="s." ID="r1l80_3" STYLEREFS="FONT2"/>
            <SP HEIGHT="75" WIDTH="14" VPOS="1622" HPOS="422"/>
            <String HEIGHT="75" WIDTH="84" VPOS="1622" HPOS="380" CONTENT="au" ID="r1l80_4" STYLEREFS="FONT2"/>
            <SP HEIGHT="75" WIDTH="14" VPOS="1622" HPOS="464"/>
            <String HEIGHT="75" WIDTH="154" VPOS="1622" HPOS="422" CONTENT="prévost" ID="r1l80_5" STYLEREFS="FONT2"/>
            <SP HEIGHT="75" WIDTH="14" VPOS="1622" HPOS="576"/>
            <String HEIGHT="75" WIDTH="84" VPOS="1622" HPOS="534" CONTENT="et" ID="r1l80_6" STYLEREFS="FONT2"/>
            <SP HEIGHT="75" WIDTH="14" VPOS="1622" HPOS="618"/>
            <String HEIGHT="75" WIDTH="167" VPOS="1622" HPOS="576" CONTENT="chapitre" ID="r1l80_7" STYLEREFS="FONT2"/>
            <SP HEIGHT="75" WIDTH="14" VPOS="1622" HPOS="743"/>
            <String HEIGHT="75" WIDTH="84" VPOS="1622" HPOS="701" CONTENT="de" ID="r1l80_8" STYLEREFS="FONT2"/>
            <SP HEIGHT="75" WIDTH="14" VPOS="1622" HPOS="785"/>
            <String HEIGHT="75" WIDTH="195" VPOS="1622" HPOS="743" CONTENT="Saint-Diey" ID="r1l80_9" STYLEREFS="FONT2"/>
            <SP HEIGHT="75" WIDTH="14" VPOS="1622" HPOS="939"/>
            <String HEIGHT="75" WIDTH="181" VPOS="1622" HPOS="897" CONTENT="(Vosges);" ID="r1l80_10" STYLEREFS="FONT2"/>
            <SP HEIGHT="75" WIDTH="14" VPOS="1622" HPOS="1078"/>
            <String HEIGHT="75" WIDTH="112" VPOS="1622" HPOS="1036" CONTENT="Bar," ID="r1l80_11" STYLEREFS="FONT2"/>
            <SP HEIGHT="75" WIDTH="14" VPOS="1622" HPOS="1148"/>
            <String HEIGHT="75" WIDTH="56" VPOS="1622" HPOS="1092" CONTENT="30" ID="r1l80_12" STYLEREFS="FONT2"/>
          </TextLine>
          <TextLine ID="r1l85" BASELINE="1731" HEIGHT="51" WIDTH="458" VPOS="1680" HPOS="195">
            <String HEIGHT="51" WIDTH="133" VPOS="1680" HPOS="183" CONTENT="anvier," ID="r1l85_1" STYLEREFS="FONT0"/>
            <SP HEIGHT="51" WIDTH="12" VPOS="1680" HPOS="316"/>
            <String HEIGHT="51" WIDTH="60" VPOS="1680" HPOS="279" CONTENT="1" ID="r1l85_2" STYLEREFS="FONT0"/>
            <SP HEIGHT="51" WIDTH="12" VPOS="1680" HPOS="340"/>
            <String HEIGHT="51" WIDTH="72" VPOS="1680" HPOS="303" CONTENT="p." ID="r1l85_3" STYLEREFS="FONT0"/>
            <SP HEIGHT="51" WIDTH="12" VPOS="1680" HPOS="376"/>
            <String HEIGHT="51" WIDTH="96" VPOS="1680" HPOS="340" CONTENT="in-4" ID="r1l85_4" STYLEREFS="FONT0"/>
            <SP HEIGHT="51" WIDTH="12" VPOS="1680" HPOS="436"/>
            <String HEIGHT="51" WIDTH="133" VPOS="1680" HPOS="400" CONTENT="oblong;" ID="r1l85_5" STYLEREFS="FONT0"/>
            <SP HEIGHT="51" WIDTH="12" VPOS="1680" HPOS="532"/>
            <String HEIGHT="51" WIDTH="133" VPOS="1680" HPOS="496" CONTENT="cachet." ID="r1l85_6" STYLEREFS="FONT0"/>
            <SP HEIGHT="51" WIDTH="12" VPOS="1680" HPOS="629"/>
            <String HEIGHT="51" WIDTH="72" VPOS="1680" HPOS="593" CONTENT="13" ID="r1l85_7" STYLEREFS="FONT0"/>
            <SP HEIGHT="51" WIDTH="12" VPOS="1680" HPOS="665"/>
            <String HEIGHT="51" WIDTH="36" VPOS="1680" HPOS="617" CONTENT="»" ID="r1l85_8" STYLEREFS="FONT0"/>
          </TextLine>
          <TextLine ID="r1l87" BASELINE="1772" HEIGHT="82" WIDTH="963" VPOS="1690" HPOS="189">
            <String HEIGHT="82" WIDTH="131" VPOS="1690" HPOS="174" CONTENT="19922" ID="r1l87_1" STYLEREFS="FONT0"/>
            <SP HEIGHT="82" WIDTH="15" VPOS="1690" HPOS="306"/>
            <String HEIGHT="82" WIDTH="131" VPOS="1690" HPOS="262" CONTENT="ROHAN" ID="r1l87_2" STYLEREFS="FONT0"/>
            <SP HEIGHT="82" WIDTH="15" VPOS="1690" HPOS="393"/>
            <String HEIGHT="82" WIDTH="175" VPOS="1690" HPOS="350" CONTENT="(Hercule" ID="r1l87_3" STYLEREFS="FONT0"/>
            <SP HEIGHT="82" WIDTH="15" VPOS="1690" HPOS="525"/>
            <String HEIGHT="82" WIDTH="117" VPOS="1690" HPOS="481" CONTENT="de)," ID="r1l87_4" STYLEREFS="FONT0"/>
            <SP HEIGHT="82" WIDTH="15" VPOS="1690" HPOS="598"/>
            <String HEIGHT="82" WIDTH="102" VPOS="1690" HPOS="554" CONTENT="duc" ID="r1l87_5" STYLEREFS="FONT0"/>
            <SP HEIGHT="82" WIDTH="15" VPOS="1690" HPOS="656"/>
            <String HEIGHT="82" WIDTH="88" VPOS="1690" HPOS="612" CONTENT="de" ID="r1l87_6" STYLEREFS="FONT0"/>
            <SP HEIGHT="82" WIDTH="15" VPOS="1690" HPOS="700"/>
            <String HEIGHT="82" WIDTH="204" VPOS="1690" HPOS="656" CONTENT="Montbazon," ID="r1l87_7" STYLEREFS="FONT0"/>
            <SP HEIGHT="82" WIDTH="15" VPOS="1690" HPOS="860"/>
            <String HEIGHT="82" WIDTH="204" VPOS="1690" HPOS="816" CONTENT="gouverneur" ID="r1l87_8" STYLEREFS="FONT0"/>
            <SP HEIGHT="82" WIDTH="15" VPOS="1690" HPOS="1021"/>
            <String HEIGHT="82" WIDTH="88" VPOS="1690" HPOS="977" CONTENT="de" ID="r1l87_9" STYLEREFS="FONT0"/>
            <SP HEIGHT="82" WIDTH="15" VPOS="1690" HPOS="1064"/>
            <String HEIGHT="82" WIDTH="131" VPOS="1690" HPOS="1021" CONTENT="Paris" ID="r1l87_10" STYLEREFS="FONT0"/>
            <SP HEIGHT="82" WIDTH="15" VPOS="1690" HPOS="1152"/>
            <String HEIGHT="82" WIDTH="58" VPOS="1690" HPOS="1094" CONTENT="et" ID="r1l87_11" STYLEREFS="FONT0"/>
          </TextLine>
          <TextLine ID="r1l89" BASELINE="1806" HEIGHT="70" WIDTH="957" VPOS="1736" HPOS="189">
            <String HEIGHT="70" WIDTH="236" VPOS="1736" HPOS="174" CONTENT="grand-veneur" ID="r1l89_1" STYLEREFS="FONT0"/>
            <SP HEIGHT="70" WIDTH="15" VPOS="1736" HPOS="410"/>
            <String HEIGHT="70" WIDTH="88" VPOS="1736" HPOS="366" CONTENT="de" ID="r1l89_2" STYLEREFS="FONT0"/>
            <SP HEIGHT="70" WIDTH="15" VPOS="1736" HPOS="454"/>
            <String HEIGHT="70" WIDTH="147" VPOS="1736" HPOS="410" CONTENT="France" ID="r1l89_3" STYLEREFS="FONT0"/>
            <SP HEIGHT="70" WIDTH="15" VPOS="1736" HPOS="557"/>
            <String HEIGHT="70" WIDTH="118" VPOS="1736" HPOS="513" CONTENT="sous" ID="r1l89_4" STYLEREFS="FONT0"/>
            <SP HEIGHT="70" WIDTH="15" VPOS="1736" HPOS="631"/>
            <String HEIGHT="70" WIDTH="133" VPOS="1736" HPOS="587" CONTENT="Henri" ID="r1l89_5" STYLEREFS="FONT0"/>
            <SP HEIGHT="70" WIDTH="15" VPOS="1736" HPOS="719"/>
            <String HEIGHT="70" WIDTH="103" VPOS="1736" HPOS="675" CONTENT="IV," ID="r1l89_6" STYLEREFS="FONT0"/>
            <SP HEIGHT="70" WIDTH="15" VPOS="1736" HPOS="778"/>
            <String HEIGHT="70" WIDTH="118" VPOS="1736" HPOS="734" CONTENT="père" ID="r1l89_7" STYLEREFS="FONT0"/>
            <SP HEIGHT="70" WIDTH="15" VPOS="1736" HPOS="852"/>
            <String HEIGHT="70" WIDTH="88" VPOS="1736" HPOS="807" CONTENT="de" ID="r1l89_8" STYLEREFS="FONT0"/>
            <SP HEIGHT="70" WIDTH="15" VPOS="1736" HPOS="896"/>
            <String HEIGHT="70" WIDTH="88" VPOS="1736" HPOS="852" CONTENT="la" ID="r1l89_9" STYLEREFS="FONT0"/>
            <SP HEIGHT="70" WIDTH="15" VPOS="1736" HPOS="940"/>
            <String HEIGHT="70" WIDTH="177" VPOS="1736" HPOS="896" CONTENT="duchesse" ID="r1l89_10" STYLEREFS="FONT0"/>
            <SP HEIGHT="70" WIDTH="15" VPOS="1736" HPOS="1072"/>
            <String HEIGHT="70" WIDTH="88" VPOS="1736" HPOS="1028" CONTENT="de" ID="r1l89_11" STYLEREFS="FONT0"/>
            <SP HEIGHT="70" WIDTH="15" VPOS="1736" HPOS="1117"/>
            <String HEIGHT="70" WIDTH="88" VPOS="1736" HPOS="1058" CONTENT="Che" SUBS_TYPE="HypPart1" SUBS_CONTENT="Cheyreuse." ID="r1l89_12" STYLEREFS="FONT0"/>
            <HYP CONTENT="-"/>
          </TextLine>
          <TextLine ID="r1l90" BASELINE="1841" HEIGHT="86" WIDTH="957" VPOS="1755" HPOS="193">
            <String HEIGHT="86" WIDTH="153" VPOS="1755" HPOS="179" CONTENT="yreuse." SUBS_TYPE="HypPart2" SUBS_CONTENT="Cheyreuse." ID="r1l90_1" STYLEREFS="FONT0"/>
            <SP HEIGHT="86" WIDTH="14" VPOS="1755" HPOS="332"/>
            <String HEIGHT="86" WIDTH="139" VPOS="1755" HPOS="290" CONTENT="Quitt." ID="r1l90_2" STYLEREFS="FONT0"/>
            <SP HEIGHT="86" WIDTH="14" VPOS="1755" HPOS="429"/>
            <String HEIGHT="86" WIDTH="125" VPOS="1755" HPOS="387" CONTENT="sig.," ID="r1l90_3" STYLEREFS="FONT0"/>
            <SP HEIGHT="86" WIDTH="14" VPOS="1755" HPOS="512"/>
            <String HEIGHT="86" WIDTH="97" VPOS="1755" HPOS="470" CONTENT="sur" ID="r1l90_4" STYLEREFS="FONT0"/>
            <SP HEIGHT="86" WIDTH="14" VPOS="1755" HPOS="567"/>
            <String HEIGHT="86" WIDTH="139" VPOS="1755" HPOS="526" CONTENT="vélin," ID="r1l90_5" STYLEREFS="FONT0"/>
            <SP HEIGHT="86" WIDTH="14" VPOS="1755" HPOS="665"/>
            <String HEIGHT="86" WIDTH="111" VPOS="1755" HPOS="623" CONTENT="avec" ID="r1l90_6" STYLEREFS="FONT0"/>
            <SP HEIGHT="86" WIDTH="14" VPOS="1755" HPOS="734"/>
            <String HEIGHT="86" WIDTH="125" VPOS="1755" HPOS="692" CONTENT="sept." ID="r1l90_7" STYLEREFS="FONT0"/>
            <SP HEIGHT="86" WIDTH="14" VPOS="1755" HPOS="817"/>
            <String HEIGHT="86" WIDTH="111" VPOS="1755" HPOS="776" CONTENT="mots" ID="r1l90_8" STYLEREFS="FONT0"/>
            <SP HEIGHT="86" WIDTH="14" VPOS="1755" HPOS="886"/>
            <String HEIGHT="86" WIDTH="166" VPOS="1755" HPOS="845" CONTENT="autogr.;" ID="r1l90_9" STYLEREFS="FONT0"/>
            <SP HEIGHT="86" WIDTH="14" VPOS="1755" HPOS="1011"/>
            <String HEIGHT="86" WIDTH="139" VPOS="1755" HPOS="970" CONTENT="Paris," ID="r1l90_10" STYLEREFS="FONT0"/>
            <SP HEIGHT="86" WIDTH="14" VPOS="1755" HPOS="1108"/>
            <String HEIGHT="86" WIDTH="97" VPOS="1755" HPOS="1053" CONTENT="1607," ID="r1l90_11" STYLEREFS="FONT0"/>
          </TextLine>
          <TextLine ID="r1l94" BASELINE="1872" HEIGHT="44" WIDTH="181" VPOS="1828" HPOS="190">
            <String HEIGHT="44" WIDTH="80" VPOS="1828" HPOS="180" CONTENT="in-4" ID="r1l94_1" STYLEREFS="FONT0"/>
            <SP HEIGHT="44" WIDTH="10" VPOS="1828" HPOS="260"/>
            <String HEIGHT="44" WIDTH="111" VPOS="1828" HPOS="230" CONTENT="oblong." ID="r1l94_2" STYLEREFS="FONT0"/>
            <SP HEIGHT="44" WIDTH="10" VPOS="1828" HPOS="341"/>
            <String HEIGHT="44" WIDTH="40" VPOS="1828" HPOS="311" CONTENT="" ID="r1l94_3" STYLEREFS="FONT0"/>
            <SP HEIGHT="44" WIDTH="10" VPOS="1828" HPOS="351"/>
            <String HEIGHT="44" WIDTH="50" VPOS="1828" HPOS="321" CONTENT="2" ID="r1l94_4" STYLEREFS="FONT0"/>
            <SP HEIGHT="44" WIDTH="10" VPOS="1828" HPOS="371"/>
            <String HEIGHT="44" WIDTH="40" VPOS="1828" HPOS="331" CONTENT="50" ID="r1l94_5" STYLEREFS="FONT0"/>
          </TextLine>
          <TextLine ID="r1l95" BASELINE="1903" HEIGHT="83" WIDTH="958" VPOS="1820" HPOS="199">
            <String HEIGHT="83" WIDTH="115" VPOS="1820" HPOS="186" CONTENT="19923" ID="r1l95_1" STYLEREFS="FONT0"/>
            <SP HEIGHT="83" WIDTH="13" VPOS="1820" HPOS="301"/>
            <String HEIGHT="83" WIDTH="89" VPOS="1820" HPOS="263" CONTENT="e" ID="r1l95_2" STYLEREFS="FONT1"/>
            <SP HEIGHT="83" WIDTH="13" VPOS="1820" HPOS="352"/>
            <String HEIGHT="83" WIDTH="179" VPOS="1820" HPOS="314" CONTENT="ROQUELAURE" ID="r1l95_3" STYLEREFS="FONT1"/>
            <SP HEIGHT="83" WIDTH="13" VPOS="1820" HPOS="493"/>
            <String HEIGHT="83" WIDTH="141" VPOS="1820" HPOS="454" CONTENT="(Gaston" ID="r1l95_4" STYLEREFS="FONT1"/>
            <SP HEIGHT="83" WIDTH="13" VPOS="1820" HPOS="595"/>
            <String HEIGHT="83" WIDTH="77" VPOS="1820" HPOS="557" CONTENT="J." ID="r1l95_5" STYLEREFS="FONT1"/>
            <SP HEIGHT="83" WIDTH="13" VPOS="1820" HPOS="633"/>
            <String HEIGHT="83" WIDTH="89" VPOS="1820" HPOS="595" CONTENT="B.," ID="r1l95_6" STYLEREFS="FONT1"/>
            <SP HEIGHT="83" WIDTH="13" VPOS="1820" HPOS="684"/>
            <String HEIGHT="83" WIDTH="89" VPOS="1820" HPOS="646" CONTENT="duc" ID="r1l95_7" STYLEREFS="FONT1"/>
            <SP HEIGHT="83" WIDTH="13" VPOS="1820" HPOS="735"/>
            <String HEIGHT="83" WIDTH="102" VPOS="1820" HPOS="697" CONTENT="de)," ID="r1l95_8" STYLEREFS="FONT1"/>
            <SP HEIGHT="83" WIDTH="13" VPOS="1820" HPOS="799"/>
            <String HEIGHT="83" WIDTH="294" VPOS="1820" HPOS="761" CONTENT="lieutenant-général," ID="r1l95_9" STYLEREFS="FONT1"/>
            <SP HEIGHT="83" WIDTH="13" VPOS="1820" HPOS="1055"/>
            <String HEIGHT="83" WIDTH="153" VPOS="1820" HPOS="1004" CONTENT="gouverneur" ID="r1l95_10" STYLEREFS="FONT1"/>
          </TextLine>
          <TextLine ID="r1l98" BASELINE="1931" HEIGHT="67" WIDTH="970" VPOS="1864" HPOS="190">
            <String HEIGHT="67" WIDTH="92" VPOS="1864" HPOS="175" CONTENT="de" ID="r1l98_1" STYLEREFS="FONT0"/>
            <SP HEIGHT="67" WIDTH="15" VPOS="1864" HPOS="267"/>
            <String HEIGHT="67" WIDTH="185" VPOS="1864" HPOS="221" CONTENT="Guienne," ID="r1l98_2" STYLEREFS="FONT0"/>
            <SP HEIGHT="67" WIDTH="15" VPOS="1864" HPOS="406"/>
            <String HEIGHT="67" WIDTH="154" VPOS="1864" HPOS="359" CONTENT="fameux" ID="r1l98_3" STYLEREFS="FONT0"/>
            <SP HEIGHT="67" WIDTH="15" VPOS="1864" HPOS="513"/>
            <String HEIGHT="67" WIDTH="108" VPOS="1864" HPOS="467" CONTENT="par" ID="r1l98_4" STYLEREFS="FONT0"/>
            <SP HEIGHT="67" WIDTH="15" VPOS="1864" HPOS="575"/>
            <String HEIGHT="67" WIDTH="108" VPOS="1864" HPOS="529" CONTENT="ses" ID="r1l98_5" STYLEREFS="FONT0"/>
            <SP HEIGHT="67" WIDTH="15" VPOS="1864" HPOS="637"/>
            <String HEIGHT="67" WIDTH="216" VPOS="1864" HPOS="590" CONTENT="bons-mots." ID="r1l98_6" STYLEREFS="FONT0"/>
            <SP HEIGHT="67" WIDTH="15" VPOS="1864" HPOS="806"/>
            <String HEIGHT="67" WIDTH="139" VPOS="1864" HPOS="760" CONTENT="Pièce" ID="r1l98_7" STYLEREFS="FONT0"/>
            <SP HEIGHT="67" WIDTH="15" VPOS="1864" HPOS="898"/>
            <String HEIGHT="67" WIDTH="139" VPOS="1864" HPOS="852" CONTENT="sig.," ID="r1l98_8" STYLEREFS="FONT0"/>
            <SP HEIGHT="67" WIDTH="15" VPOS="1864" HPOS="991"/>
            <String HEIGHT="67" WIDTH="123" VPOS="1864" HPOS="944" CONTENT="sig." ID="r1l98_9" STYLEREFS="FONT0"/>
            <SP HEIGHT="67" WIDTH="15" VPOS="1864" HPOS="1068"/>
            <String HEIGHT="67" WIDTH="139" VPOS="1864" HPOS="1021" CONTENT="aussi" ID="r1l98_10" STYLEREFS="FONT0"/>
            <SP HEIGHT="67" WIDTH="15" VPOS="1864" HPOS="1160"/>
            <String HEIGHT="67" WIDTH="62" VPOS="1864" HPOS="1098" CONTENT="de" ID="r1l98_11" STYLEREFS="FONT0"/>
          </TextLine>
          <TextLine ID="r1l99" BASELINE="1963" HEIGHT="60" WIDTH="962" VPOS="1903" HPOS="197">
            <String HEIGHT="60" WIDTH="153" VPOS="1903" HPOS="183" CONTENT="Jacques" ID="r1l99_1" STYLEREFS="FONT0"/>
            <SP HEIGHT="60" WIDTH="14" VPOS="1903" HPOS="336"/>
            <String HEIGHT="60" WIDTH="84" VPOS="1903" HPOS="295" CONTENT="de" ID="r1l99_2" STYLEREFS="FONT0"/>
            <SP HEIGHT="60" WIDTH="14" VPOS="1903" HPOS="378"/>
            <String HEIGHT="60" WIDTH="251" VPOS="1903" HPOS="336" CONTENT="Roquelaure," ID="r1l99_3" STYLEREFS="FONT2"/>
            <SP HEIGHT="60" WIDTH="14" VPOS="1903" HPOS="587"/>
            <String HEIGHT="60" WIDTH="153" VPOS="1903" HPOS="546" CONTENT="marquis" ID="r1l99_4" STYLEREFS="FONT2"/>
            <SP HEIGHT="60" WIDTH="14" VPOS="1903" HPOS="699"/>
            <String HEIGHT="60" WIDTH="84" VPOS="1903" HPOS="657" CONTENT="de" ID="r1l99_5" STYLEREFS="FONT2"/>
            <SP HEIGHT="60" WIDTH="14" VPOS="1903" HPOS="741"/>
            <String HEIGHT="60" WIDTH="237" VPOS="1903" HPOS="699" CONTENT="Lavardin" ID="r1l99_6" STYLEREFS="FONT2"/>
            <SP HEIGHT="60" WIDTH="14" VPOS="1903" HPOS="936"/>
            <String HEIGHT="60" WIDTH="98" VPOS="1903" HPOS="894" CONTENT="son" ID="r1l99_7" STYLEREFS="FONT0"/>
            <SP HEIGHT="60" WIDTH="14" VPOS="1903" HPOS="992"/>
            <String HEIGHT="60" WIDTH="139" VPOS="1903" HPOS="950" CONTENT="frère;" ID="r1l99_8" STYLEREFS="FONT0"/>
            <SP HEIGHT="60" WIDTH="14" VPOS="1903" HPOS="1089"/>
            <String HEIGHT="60" WIDTH="84" VPOS="1903" HPOS="1047" CONTENT="23" ID="r1l99_9" STYLEREFS="FONT0"/>
            <SP HEIGHT="60" WIDTH="14" VPOS="1903" HPOS="1131"/>
            <String HEIGHT="60" WIDTH="84" VPOS="1903" HPOS="1075" CONTENT="mars" ID="r1l99_10" STYLEREFS="FONT0"/>
          </TextLine>
          <TextLine ID="r1l102" BASELINE="2005" HEIGHT="49" WIDTH="247" VPOS="1956" HPOS="200">
            <String HEIGHT="49" WIDTH="101" VPOS="1956" HPOS="189" CONTENT="1656;" ID="r1l102_1" STYLEREFS="FONT0"/>
            <SP HEIGHT="49" WIDTH="11" VPOS="1956" HPOS="290"/>
            <String HEIGHT="49" WIDTH="56" VPOS="1956" HPOS="256" CONTENT="2" ID="r1l102_2" STYLEREFS="FONT0"/>
            <SP HEIGHT="49" WIDTH="11" VPOS="1956" HPOS="312"/>
            <String HEIGHT="49" WIDTH="67" VPOS="1956" HPOS="279" CONTENT="p." ID="r1l102_3" STYLEREFS="FONT0"/>
            <SP HEIGHT="49" WIDTH="11" VPOS="1956" HPOS="346"/>
            <String HEIGHT="49" WIDTH="124" VPOS="1956" HPOS="312" CONTENT="in-fol." ID="r1l102_4" STYLEREFS="FONT0"/>
            <SP HEIGHT="49" WIDTH="11" VPOS="1956" HPOS="436"/>
            <String HEIGHT="49" WIDTH="56" VPOS="1956" HPOS="402" CONTENT="5" ID="r1l102_5" STYLEREFS="FONT0"/>
            <SP HEIGHT="49" WIDTH="11" VPOS="1956" HPOS="458"/>
            <String HEIGHT="49" WIDTH="34" VPOS="1956" HPOS="413" CONTENT="»" ID="r1l102_6" STYLEREFS="FONT0"/>
          </TextLine>
          <TextLine ID="r1l103" BASELINE="2044" HEIGHT="77" WIDTH="951" VPOS="1967" HPOS="204">
            <String HEIGHT="77" WIDTH="106" VPOS="1967" HPOS="192" CONTENT="19924" ID="r1l103_1" STYLEREFS="FONT0"/>
            <SP HEIGHT="77" WIDTH="12" VPOS="1967" HPOS="298"/>
            <String HEIGHT="77" WIDTH="70" VPOS="1967" HPOS="263" CONTENT="LE" ID="r1l103_2" STYLEREFS="FONT0"/>
            <SP HEIGHT="77" WIDTH="12" VPOS="1967" HPOS="333"/>
            <String HEIGHT="77" WIDTH="106" VPOS="1967" HPOS="298" CONTENT="MÊME." ID="r1l103_3" STYLEREFS="FONT0"/>
            <SP HEIGHT="77" WIDTH="12" VPOS="1967" HPOS="404"/>
            <String HEIGHT="77" WIDTH="106" VPOS="1967" HPOS="368" CONTENT="Pièce" ID="r1l103_4" STYLEREFS="FONT0"/>
            <SP HEIGHT="77" WIDTH="12" VPOS="1967" HPOS="474"/>
            <String HEIGHT="77" WIDTH="106" VPOS="1967" HPOS="439" CONTENT="sig.," ID="r1l103_5" STYLEREFS="FONT0"/>
            <SP HEIGHT="77" WIDTH="12" VPOS="1967" HPOS="544"/>
            <String HEIGHT="77" WIDTH="94" VPOS="1967" HPOS="509" CONTENT="sig." ID="r1l103_6" STYLEREFS="FONT0"/>
            <SP HEIGHT="77" WIDTH="12" VPOS="1967" HPOS="603"/>
            <String HEIGHT="77" WIDTH="106" VPOS="1967" HPOS="568" CONTENT="aussi" ID="r1l103_7" STYLEREFS="FONT0"/>
            <SP HEIGHT="77" WIDTH="12" VPOS="1967" HPOS="674"/>
            <String HEIGHT="77" WIDTH="82" VPOS="1967" HPOS="638" CONTENT="par" ID="r1l103_8" STYLEREFS="FONT0"/>
            <SP HEIGHT="77" WIDTH="12" VPOS="1967" HPOS="721"/>
            <String HEIGHT="77" WIDTH="106" VPOS="1967" HPOS="685" CONTENT="trois" ID="r1l103_9" STYLEREFS="FONT0"/>
            <SP HEIGHT="77" WIDTH="12" VPOS="1967" HPOS="791"/>
            <String HEIGHT="77" WIDTH="129" VPOS="1967" HPOS="756" CONTENT="membres" ID="r1l103_10" STYLEREFS="FONT0"/>
            <SP HEIGHT="77" WIDTH="12" VPOS="1967" HPOS="885"/>
            <String HEIGHT="77" WIDTH="70" VPOS="1967" HPOS="850" CONTENT="de" ID="r1l103_11" STYLEREFS="FONT0"/>
            <SP HEIGHT="77" WIDTH="12" VPOS="1967" HPOS="920"/>
            <String HEIGHT="77" WIDTH="70" VPOS="1967" HPOS="885" CONTENT="la" ID="r1l103_12" STYLEREFS="FONT0"/>
            <SP HEIGHT="77" WIDTH="12" VPOS="1967" HPOS="955"/>
            <String HEIGHT="77" WIDTH="129" VPOS="1967" HPOS="920" CONTENT="famille" ID="r1l103_13" STYLEREFS="FONT0"/>
            <SP HEIGHT="77" WIDTH="12" VPOS="1967" HPOS="1049"/>
            <String HEIGHT="77" WIDTH="153" VPOS="1967" HPOS="1002" CONTENT="Tal" ID="r1l103_14" STYLEREFS="FONT2"/>
          </TextLine>
          <TextLine ID="r1l109" BASELINE="2087" HEIGHT="67" WIDTH="520" VPOS="2020" HPOS="203">
            <String HEIGHT="67" WIDTH="199" VPOS="2020" HPOS="192" CONTENT="lemant;" ID="r1l109_1" STYLEREFS="FONT2"/>
            <SP HEIGHT="67" WIDTH="11" VPOS="2020" HPOS="391"/>
            <String HEIGHT="67" WIDTH="55" VPOS="2020" HPOS="358" CONTENT="8" ID="r1l109_2" STYLEREFS="FONT0"/>
            <SP HEIGHT="67" WIDTH="11" VPOS="2020" HPOS="413"/>
            <String HEIGHT="67" WIDTH="77" VPOS="2020" HPOS="380" CONTENT="mai" ID="r1l109_3" STYLEREFS="FONT0"/>
            <SP HEIGHT="67" WIDTH="11" VPOS="2020" HPOS="457"/>
            <String HEIGHT="67" WIDTH="100" VPOS="2020" HPOS="424" CONTENT="1655," ID="r1l109_4" STYLEREFS="FONT0"/>
            <SP HEIGHT="67" WIDTH="11" VPOS="2020" HPOS="524"/>
            <String HEIGHT="67" WIDTH="55" VPOS="2020" HPOS="491" CONTENT="1" ID="r1l109_5" STYLEREFS="FONT0"/>
            <SP HEIGHT="67" WIDTH="11" VPOS="2020" HPOS="546"/>
            <String HEIGHT="67" WIDTH="66" VPOS="2020" HPOS="513" CONTENT="p." ID="r1l109_6" STYLEREFS="FONT0"/>
            <SP HEIGHT="67" WIDTH="11" VPOS="2020" HPOS="579"/>
            <String HEIGHT="67" WIDTH="77" VPOS="2020" HPOS="546" CONTENT="1/2" ID="r1l109_7" STYLEREFS="FONT0"/>
            <SP HEIGHT="67" WIDTH="11" VPOS="2020" HPOS="623"/>
            <String HEIGHT="67" WIDTH="122" VPOS="2020" HPOS="590" CONTENT="in-fol." ID="r1l109_8" STYLEREFS="FONT0"/>
            <SP HEIGHT="67" WIDTH="11" VPOS="2020" HPOS="712"/>
            <String HEIGHT="67" WIDTH="55" VPOS="2020" HPOS="679" CONTENT="5" ID="r1l109_9" STYLEREFS="FONT0"/>
            <SP HEIGHT="67" WIDTH="11" VPOS="2020" HPOS="734"/>
            <String HEIGHT="67" WIDTH="33" VPOS="2020" HPOS="690" CONTENT="»" ID="r1l109_10" STYLEREFS="FONT0"/>
          </TextLine>
          <TextLine ID="r1l110" BASELINE="2120" HEIGHT="73" WIDTH="955" VPOS="2047" HPOS="201">
            <String HEIGHT="73" WIDTH="115" VPOS="2047" HPOS="188" CONTENT="19925" ID="r1l110_1" STYLEREFS="FONT0"/>
            <SP HEIGHT="73" WIDTH="13" VPOS="2047" HPOS="303"/>
            <String HEIGHT="73" WIDTH="127" VPOS="2047" HPOS="265" CONTENT="ROSSET" ID="r1l110_2" STYLEREFS="FONT0"/>
            <SP HEIGHT="73" WIDTH="13" VPOS="2047" HPOS="392"/>
            <String HEIGHT="73" WIDTH="140" VPOS="2047" HPOS="354" CONTENT="(Pierre" ID="r1l110_3" STYLEREFS="FONT0"/>
            <SP HEIGHT="73" WIDTH="13" VPOS="2047" HPOS="494"/>
            <String HEIGHT="73" WIDTH="153" VPOS="2047" HPOS="456" CONTENT="Fulcrand" ID="r1l110_4" STYLEREFS="FONT0"/>
            <SP HEIGHT="73" WIDTH="13" VPOS="2047" HPOS="608"/>
            <String HEIGHT="73" WIDTH="102" VPOS="2047" HPOS="570" CONTENT="de)," ID="r1l110_5" STYLEREFS="FONT0"/>
            <SP HEIGHT="73" WIDTH="13" VPOS="2047" HPOS="672"/>
            <String HEIGHT="73" WIDTH="166" VPOS="2047" HPOS="634" CONTENT="magistrat" ID="r1l110_6" STYLEREFS="FONT0"/>
            <SP HEIGHT="73" WIDTH="13" VPOS="2047" HPOS="799"/>
            <String HEIGHT="73" WIDTH="76" VPOS="2047" HPOS="761" CONTENT="et" ID="r1l110_7" STYLEREFS="FONT0"/>
            <SP HEIGHT="73" WIDTH="13" VPOS="2047" HPOS="838"/>
            <String HEIGHT="73" WIDTH="191" VPOS="2047" HPOS="799" CONTENT="littérateur" ID="r1l110_8" STYLEREFS="FONT0"/>
            <SP HEIGHT="73" WIDTH="13" VPOS="2047" HPOS="990"/>
            <String HEIGHT="73" WIDTH="76" VPOS="2047" HPOS="952" CONTENT="du" ID="r1l110_9" STYLEREFS="FONT0"/>
            <SP HEIGHT="73" WIDTH="13" VPOS="2047" HPOS="1029"/>
            <String HEIGHT="73" WIDTH="178" VPOS="2047" HPOS="978" CONTENT="dix" ID="r1l110_10" STYLEREFS="FONT0"/>
          </TextLine>
          <TextLine ID="r1l112" BASELINE="2154" HEIGHT="69" WIDTH="966" VPOS="2085" HPOS="197">
            <String HEIGHT="69" WIDTH="140" VPOS="2085" HPOS="184" CONTENT="siècle," ID="r1l112_1" STYLEREFS="FONT0"/>
            <SP HEIGHT="69" WIDTH="13" VPOS="2085" HPOS="324"/>
            <String HEIGHT="69" WIDTH="127" VPOS="2085" HPOS="286" CONTENT="auteur" ID="r1l112_2" STYLEREFS="FONT0"/>
            <SP HEIGHT="69" WIDTH="13" VPOS="2085" HPOS="413"/>
            <String HEIGHT="69" WIDTH="102" VPOS="2085" HPOS="375" CONTENT="d’un" ID="r1l112_3" STYLEREFS="FONT0"/>
            <SP HEIGHT="69" WIDTH="13" VPOS="2085" HPOS="477"/>
            <String HEIGHT="69" WIDTH="114" VPOS="2085" HPOS="439" CONTENT="poëme" ID="r1l112_4" STYLEREFS="FONT0"/>
            <SP HEIGHT="69" WIDTH="13" VPOS="2085" HPOS="553"/>
            <String HEIGHT="69" WIDTH="178" VPOS="2085" HPOS="515" CONTENT="didactique" ID="r1l112_5" STYLEREFS="FONT0"/>
            <SP HEIGHT="69" WIDTH="13" VPOS="2085" HPOS="693"/>
            <String HEIGHT="69" WIDTH="89" VPOS="2085" HPOS="655" CONTENT="sur" ID="r1l112_6" STYLEREFS="FONT0"/>
            <SP HEIGHT="69" WIDTH="13" VPOS="2085" HPOS="744"/>
            <String HEIGHT="69" WIDTH="318" VPOS="2085" HPOS="705" CONTENT="l'Agriculture" ID="r1l112_7" STYLEREFS="FONT2"/>
            <SP HEIGHT="69" WIDTH="13" VPOS="2085" HPOS="1023"/>
            <String HEIGHT="69" WIDTH="76" VPOS="2085" HPOS="985" CONTENT="né" ID="r1l112_8" STYLEREFS="FONT0"/>
            <SP HEIGHT="69" WIDTH="13" VPOS="2085" HPOS="1061"/>
            <String HEIGHT="69" WIDTH="64" VPOS="2085" HPOS="1023" CONTENT="à" ID="r1l112_9" STYLEREFS="FONT0"/>
            <SP HEIGHT="69" WIDTH="13" VPOS="2085" HPOS="1087"/>
            <String HEIGHT="69" WIDTH="127" VPOS="2085" HPOS="1036" CONTENT="Montpel" SUBS_TYPE="HypPart1" SUBS_CONTENT="Montpellier." ID="r1l112_10" STYLEREFS="FONT0"/>
            <HYP CONTENT="-"/>
          </TextLine>
          <TextLine ID="r1l114" BASELINE="2192" HEIGHT="76" WIDTH="966" VPOS="2116" HPOS="196">
            <String HEIGHT="76" WIDTH="110" VPOS="2116" HPOS="184" CONTENT="lier." SUBS_TYPE="HypPart2" SUBS_CONTENT="Montpellier." ID="r1l114_1" STYLEREFS="FONT0"/>
            <SP HEIGHT="76" WIDTH="12" VPOS="2116" HPOS="294"/>
            <String HEIGHT="76" WIDTH="110" VPOS="2116" HPOS="257" CONTENT="L." ID="r1l114_2" STYLEREFS="FONT2"/>
            <SP HEIGHT="76" WIDTH="12" VPOS="2116" HPOS="367"/>
            <String HEIGHT="76" WIDTH="122" VPOS="2116" HPOS="331" CONTENT="a" ID="r1l114_3" STYLEREFS="FONT2"/>
            <SP HEIGHT="76" WIDTH="12" VPOS="2116" HPOS="453"/>
            <String HEIGHT="76" WIDTH="98" VPOS="2116" HPOS="416" CONTENT="s.i." ID="r1l114_4" STYLEREFS="FONT0"/>
            <SP HEIGHT="76" WIDTH="12" VPOS="2116" HPOS="514"/>
            <String HEIGHT="76" WIDTH="61" VPOS="2116" HPOS="477" CONTENT="à" ID="r1l114_5" STYLEREFS="FONT0"/>
            <SP HEIGHT="76" WIDTH="12" VPOS="2116" HPOS="538"/>
            <String HEIGHT="76" WIDTH="73" VPOS="2116" HPOS="502" CONTENT="M." ID="r1l114_6" STYLEREFS="FONT0"/>
            <SP HEIGHT="76" WIDTH="12" VPOS="2116" HPOS="575"/>
            <String HEIGHT="76" WIDTH="159" VPOS="2116" HPOS="538" CONTENT="Duperron," ID="r1l114_7" STYLEREFS="FONT0"/>
            <SP HEIGHT="76" WIDTH="12" VPOS="2116" HPOS="697"/>
            <String HEIGHT="76" WIDTH="159" VPOS="2116" HPOS="661" CONTENT="directeur" ID="r1l114_8" STYLEREFS="FONT0"/>
            <SP HEIGHT="76" WIDTH="12" VPOS="2116" HPOS="820"/>
            <String HEIGHT="76" WIDTH="73" VPOS="2116" HPOS="783" CONTENT="de" ID="r1l114_9" STYLEREFS="FONT0"/>
            <SP HEIGHT="76" WIDTH="12" VPOS="2116" HPOS="856"/>
            <String HEIGHT="76" WIDTH="196" VPOS="2116" HPOS="820" CONTENT="l’Imprimerie" ID="r1l114_10" STYLEREFS="FONT0"/>
            <SP HEIGHT="76" WIDTH="12" VPOS="2116" HPOS="1015"/>
            <String HEIGHT="76" WIDTH="135" VPOS="2116" HPOS="979" CONTENT="royale;" ID="r1l114_11" STYLEREFS="FONT0"/>
            <SP HEIGHT="76" WIDTH="12" VPOS="2116" HPOS="1113"/>
            <String HEIGHT="76" WIDTH="98" VPOS="2116" HPOS="1064" CONTENT="Paris," ID="r1l114_12" STYLEREFS="FONT0"/>
          </TextLine>
        </TextBlock>
      </PrintSpace>
    </Page>
  </Layout>
</alto>
