<?xml version='1.0' encoding='UTF8'?>
<alto xmlns:xsi="http://www.w3.org/2001/XMLSchema-instance" xmlns="http://www.loc.gov/standards/alto/ns-v2#" xmlns:page="http://schema.primaresearch.org/PAGE/gts/pagecontent/2013-07-15" xsi:schemaLocation="http://www.loc.gov/standards/alto/ns-v2# http://www.loc.gov/standards/alto/alto.xsd">
  <Description>
    <MeasurementUnit>pixel</MeasurementUnit>
    <sourceImageInformation>
         <fileName>1865_11_LAC_N143_0014.jpg</fileName>
      </sourceImageInformation>
    <OCRProcessing ID="IdOcr">
      <ocrProcessingStep>
        <processingDateTime>2020-11-06T13:46:11.326+01:00</processingDateTime>
        <processingSoftware>
               <softwareCreator>CONTRIBUTORS</softwareCreator>
               <softwareName>pdfalto</softwareName>
               <softwareVersion>0.1</softwareVersion>
            </processingSoftware>
      </ocrProcessingStep>
    </OCRProcessing>
  </Description>
  <Styles>
     <TextStyle ID="FONT0" FONTSTYLE=""/>
     <TextStyle ID="FONT1" FONTSTYLE="bold"/>
     <TextStyle ID="FONT2" FONTSTYLE="italics"/>
</Styles>
  <Tags/>
  <Layout>
    <Page ID="Page1" PHYSICAL_IMG_NR="1" HEIGHT="2217" WIDTH="1143">
      <PrintSpace HEIGHT="2217" WIDTH="1143" VPOS="0" HPOS="0">
        <TextBlock ID="r1" HEIGHT="2147" WIDTH="1106" VPOS="15" HPOS="10">
          <TextLine ID="r1l1" BASELINE="54" HEIGHT="49" WIDTH="95" VPOS="5" HPOS="521">
            <String HEIGHT="49" WIDTH="79" VPOS="5" HPOS="505" CONTENT="—" ID="r1l1_1" STYLEREFS="FONT0"/>
            <SP HEIGHT="49" WIDTH="16" VPOS="5" HPOS="584"/>
            <String HEIGHT="49" WIDTH="95" VPOS="5" HPOS="537" CONTENT="14" ID="r1l1_2" STYLEREFS="FONT0"/>
            <SP HEIGHT="49" WIDTH="16" VPOS="5" HPOS="632"/>
            <String HEIGHT="49" WIDTH="48" VPOS="5" HPOS="569" CONTENT="—" ID="r1l1_3" STYLEREFS="FONT0"/>
          </TextLine>
          <TextLine ID="r1l2" BASELINE="120" HEIGHT="66" WIDTH="973" VPOS="54" HPOS="111">
            <String HEIGHT="66" WIDTH="114" VPOS="54" HPOS="97" CONTENT="ney," ID="r1l2_1" STYLEREFS="FONT0"/>
            <SP HEIGHT="66" WIDTH="14" VPOS="54" HPOS="211"/>
            <String HEIGHT="66" WIDTH="86" VPOS="54" HPOS="168" CONTENT="17" ID="r1l2_2" STYLEREFS="FONT0"/>
            <SP HEIGHT="66" WIDTH="14" VPOS="54" HPOS="254"/>
            <String HEIGHT="66" WIDTH="114" VPOS="54" HPOS="211" CONTENT="déc." ID="r1l2_3" STYLEREFS="FONT0"/>
            <SP HEIGHT="66" WIDTH="14" VPOS="54" HPOS="326"/>
            <String HEIGHT="66" WIDTH="129" VPOS="54" HPOS="283" CONTENT="1765," ID="r1l2_4" STYLEREFS="FONT0"/>
            <SP HEIGHT="66" WIDTH="14" VPOS="54" HPOS="411"/>
            <String HEIGHT="66" WIDTH="72" VPOS="54" HPOS="369" CONTENT="2" ID="r1l2_5" STYLEREFS="FONT0"/>
            <SP HEIGHT="66" WIDTH="14" VPOS="54" HPOS="440"/>
            <String HEIGHT="66" WIDTH="86" VPOS="54" HPOS="397" CONTENT="p." ID="r1l2_6" STYLEREFS="FONT0"/>
            <SP HEIGHT="66" WIDTH="14" VPOS="54" HPOS="483"/>
            <String HEIGHT="66" WIDTH="129" VPOS="54" HPOS="440" CONTENT="in-4," ID="r1l2_7" STYLEREFS="FONT0"/>
            <SP HEIGHT="66" WIDTH="14" VPOS="54" HPOS="569"/>
            <String HEIGHT="66" WIDTH="157" VPOS="54" HPOS="526" CONTENT="cachet." ID="r1l2_8" STYLEREFS="FONT0"/>
            <SP HEIGHT="66" WIDTH="14" VPOS="54" HPOS="683"/>
            <String HEIGHT="66" WIDTH="186" VPOS="54" HPOS="640" CONTENT="L’adresse" ID="r1l2_9" STYLEREFS="FONT0"/>
            <SP HEIGHT="66" WIDTH="14" VPOS="54" HPOS="826"/>
            <String HEIGHT="66" WIDTH="272" VPOS="54" HPOS="784" CONTENT="enlevée.)Lettre" ID="r1l2_10" STYLEREFS="FONT0"/>
            <SP HEIGHT="66" WIDTH="14" VPOS="54" HPOS="1055"/>
            <String HEIGHT="66" WIDTH="86" VPOS="54" HPOS="998" CONTENT="sans" ID="r1l2_11" STYLEREFS="FONT0"/>
          </TextLine>
          <TextLine ID="r1l7" BASELINE="157" HEIGHT="49" WIDTH="195" VPOS="108" HPOS="118">
            <String HEIGHT="49" WIDTH="68" VPOS="108" HPOS="111" CONTENT="doute" ID="r1l7_1" STYLEREFS="FONT0"/>
            <SP HEIGHT="49" WIDTH="8" VPOS="108" HPOS="178"/>
            <String HEIGHT="49" WIDTH="143" VPOS="108" HPOS="156" CONTENT="inédite" ID="r1l7_2" STYLEREFS="FONT2"/>
            <SP HEIGHT="49" WIDTH="8" VPOS="108" HPOS="298"/>
            <String HEIGHT="49" WIDTH="38" VPOS="108" HPOS="276" CONTENT="9" ID="r1l7_3" STYLEREFS="FONT0"/>
            <SP HEIGHT="49" WIDTH="8" VPOS="108" HPOS="313"/>
            <String HEIGHT="49" WIDTH="30" VPOS="108" HPOS="283" CONTENT="50" ID="r1l7_4" STYLEREFS="FONT0"/>
          </TextLine>
          <TextLine ID="r1l8" BASELINE="187" HEIGHT="61" WIDTH="940" VPOS="126" HPOS="148">
            <String HEIGHT="61" WIDTH="116" VPOS="126" HPOS="135" CONTENT="Jolie" ID="r1l8_1" STYLEREFS="FONT0"/>
            <SP HEIGHT="61" WIDTH="13" VPOS="126" HPOS="251"/>
            <String HEIGHT="61" WIDTH="129" VPOS="126" HPOS="212" CONTENT="lettre" ID="r1l8_2" STYLEREFS="FONT0"/>
            <SP HEIGHT="61" WIDTH="13" VPOS="126" HPOS="341"/>
            <String HEIGHT="61" WIDTH="77" VPOS="126" HPOS="303" CONTENT="de" ID="r1l8_3" STYLEREFS="FONT0"/>
            <SP HEIGHT="61" WIDTH="13" VPOS="126" HPOS="380"/>
            <String HEIGHT="61" WIDTH="219" VPOS="126" HPOS="341" CONTENT="félicitations" ID="r1l8_4" STYLEREFS="FONT0"/>
            <SP HEIGHT="61" WIDTH="13" VPOS="126" HPOS="560"/>
            <String HEIGHT="61" WIDTH="90" VPOS="126" HPOS="521" CONTENT="sur" ID="r1l8_5" STYLEREFS="FONT0"/>
            <SP HEIGHT="61" WIDTH="13" VPOS="126" HPOS="612"/>
            <String HEIGHT="61" WIDTH="77" VPOS="126" HPOS="573" CONTENT="sa" ID="r1l8_6" STYLEREFS="FONT0"/>
            <SP HEIGHT="61" WIDTH="13" VPOS="126" HPOS="650"/>
            <String HEIGHT="61" WIDTH="129" VPOS="126" HPOS="612" CONTENT="Fée" ID="r1l8_7" STYLEREFS="FONT2"/>
            <SP HEIGHT="61" WIDTH="13" VPOS="126" HPOS="740"/>
            <String HEIGHT="61" WIDTH="206" VPOS="126" HPOS="702" CONTENT="Urgelle" ID="r1l8_8" STYLEREFS="FONT2"/>
            <SP HEIGHT="61" WIDTH="13" VPOS="126" HPOS="908"/>
            <String HEIGHT="61" WIDTH="155" VPOS="126" HPOS="869" CONTENT="«L’opéra" ID="r1l8_9" STYLEREFS="FONT0"/>
            <SP HEIGHT="61" WIDTH="13" VPOS="126" HPOS="1024"/>
            <String HEIGHT="61" WIDTH="103" VPOS="126" HPOS="985" CONTENT="aura" ID="r1l8_10" STYLEREFS="FONT0"/>
            <SP HEIGHT="61" WIDTH="13" VPOS="126" HPOS="1088"/>
            <String HEIGHT="61" WIDTH="52" VPOS="126" HPOS="1036" CONTENT="en" ID="r1l8_11" STYLEREFS="FONT0"/>
          </TextLine>
          <TextLine ID="r1l9" BASELINE="218" HEIGHT="50" WIDTH="961" VPOS="168" HPOS="119">
            <String HEIGHT="50" WIDTH="116" VPOS="168" HPOS="104" CONTENT="vous" ID="r1l9_1" STYLEREFS="FONT0"/>
            <SP HEIGHT="50" WIDTH="15" VPOS="168" HPOS="221"/>
            <String HEIGHT="50" WIDTH="102" VPOS="168" HPOS="177" CONTENT="son" ID="r1l9_2" STYLEREFS="FONT0"/>
            <SP HEIGHT="50" WIDTH="15" VPOS="168" HPOS="279"/>
            <String HEIGHT="50" WIDTH="160" VPOS="168" HPOS="235" CONTENT="Molière" ID="r1l9_3" STYLEREFS="FONT0"/>
            <SP HEIGHT="50" WIDTH="15" VPOS="168" HPOS="396"/>
            <String HEIGHT="50" WIDTH="131" VPOS="168" HPOS="352" CONTENT="comme" ID="r1l9_4" STYLEREFS="FONT0"/>
            <SP HEIGHT="50" WIDTH="15" VPOS="168" HPOS="483"/>
            <String HEIGHT="50" WIDTH="87" VPOS="168" HPOS="439" CONTENT="il" ID="r1l9_5" STYLEREFS="FONT0"/>
            <SP HEIGHT="50" WIDTH="15" VPOS="168" HPOS="527"/>
            <String HEIGHT="50" WIDTH="73" VPOS="168" HPOS="483" CONTENT="a" ID="r1l9_6" STYLEREFS="FONT0"/>
            <SP HEIGHT="50" WIDTH="15" VPOS="168" HPOS="556"/>
            <String HEIGHT="50" WIDTH="87" VPOS="168" HPOS="512" CONTENT="eu" ID="r1l9_7" STYLEREFS="FONT0"/>
            <SP HEIGHT="50" WIDTH="15" VPOS="168" HPOS="600"/>
            <String HEIGHT="50" WIDTH="102" VPOS="168" HPOS="556" CONTENT="son" ID="r1l9_8" STYLEREFS="FONT0"/>
            <SP HEIGHT="50" WIDTH="15" VPOS="168" HPOS="658"/>
            <String HEIGHT="50" WIDTH="146" VPOS="168" HPOS="614" CONTENT="Racine" ID="r1l9_9" STYLEREFS="FONT0"/>
            <SP HEIGHT="50" WIDTH="15" VPOS="168" HPOS="760"/>
            <String HEIGHT="50" WIDTH="116" VPOS="168" HPOS="716" CONTENT="dans" ID="r1l9_10" STYLEREFS="FONT0"/>
            <SP HEIGHT="50" WIDTH="15" VPOS="168" HPOS="832"/>
            <String HEIGHT="50" WIDTH="204" VPOS="168" HPOS="789" CONTENT="Quinault.»" ID="r1l9_11" STYLEREFS="FONT0"/>
            <SP HEIGHT="50" WIDTH="15" VPOS="168" HPOS="993"/>
            <String HEIGHT="50" WIDTH="87" VPOS="168" HPOS="949" CONTENT="Si" ID="r1l9_12" STYLEREFS="FONT0"/>
            <SP HEIGHT="50" WIDTH="15" VPOS="168" HPOS="1036"/>
            <String HEIGHT="50" WIDTH="102" VPOS="168" HPOS="978" CONTENT="quel" SUBS_TYPE="HypPart1" SUBS_CONTENT="queljue" ID="r1l9_13" STYLEREFS="FONT0"/>
            <HYP CONTENT="-"/>
          </TextLine>
          <TextLine ID="r1l11" BASELINE="259" HEIGHT="70" WIDTH="958" VPOS="189" HPOS="127">
            <String HEIGHT="70" WIDTH="97" VPOS="189" HPOS="113" CONTENT="jue" SUBS_TYPE="HypPart2" SUBS_CONTENT="queljue" ID="r1l11_1" STYLEREFS="FONT0"/>
            <SP HEIGHT="70" WIDTH="14" VPOS="189" HPOS="210"/>
            <String HEIGHT="70" WIDTH="125" VPOS="189" HPOS="169" CONTENT="chose" ID="r1l11_2" STYLEREFS="FONT0"/>
            <SP HEIGHT="70" WIDTH="14" VPOS="189" HPOS="294"/>
            <String HEIGHT="70" WIDTH="153" VPOS="189" HPOS="252" CONTENT="pouvait" ID="r1l11_3" STYLEREFS="FONT0"/>
            <SP HEIGHT="70" WIDTH="14" VPOS="189" HPOS="405"/>
            <String HEIGHT="70" WIDTH="97" VPOS="189" HPOS="363" CONTENT="lui" ID="r1l11_4" STYLEREFS="FONT0"/>
            <SP HEIGHT="70" WIDTH="14" VPOS="189" HPOS="460"/>
            <String HEIGHT="70" WIDTH="125" VPOS="189" HPOS="419" CONTENT="faire" ID="r1l11_5" STYLEREFS="FONT0"/>
            <SP HEIGHT="70" WIDTH="14" VPOS="189" HPOS="544"/>
            <String HEIGHT="70" WIDTH="180" VPOS="189" HPOS="502" CONTENT="regretter" ID="r1l11_6" STYLEREFS="FONT0"/>
            <SP HEIGHT="70" WIDTH="14" VPOS="189" HPOS="682"/>
            <String HEIGHT="70" WIDTH="139" VPOS="189" HPOS="641" CONTENT="Paris," ID="r1l11_7" STYLEREFS="FONT0"/>
            <SP HEIGHT="70" WIDTH="14" VPOS="189" HPOS="780"/>
            <String HEIGHT="70" WIDTH="83" VPOS="189" HPOS="738" CONTENT="ce" ID="r1l11_8" STYLEREFS="FONT0"/>
            <SP HEIGHT="70" WIDTH="14" VPOS="189" HPOS="821"/>
            <String HEIGHT="70" WIDTH="139" VPOS="189" HPOS="780" CONTENT="serait" ID="r1l11_9" STYLEREFS="FONT0"/>
            <SP HEIGHT="70" WIDTH="14" VPOS="189" HPOS="918"/>
            <String HEIGHT="70" WIDTH="83" VPOS="189" HPOS="877" CONTENT="de" ID="r1l11_10" STYLEREFS="FONT0"/>
            <SP HEIGHT="70" WIDTH="14" VPOS="189" HPOS="960"/>
            <String HEIGHT="70" WIDTH="83" VPOS="189" HPOS="918" CONTENT="ne" ID="r1l11_11" STYLEREFS="FONT0"/>
            <SP HEIGHT="70" WIDTH="14" VPOS="189" HPOS="1002"/>
            <String HEIGHT="70" WIDTH="97" VPOS="189" HPOS="960" CONTENT="pas" ID="r1l11_12" STYLEREFS="FONT0"/>
            <SP HEIGHT="70" WIDTH="14" VPOS="189" HPOS="1057"/>
            <String HEIGHT="70" WIDTH="83" VPOS="189" HPOS="1002" CONTENT="voir" ID="r1l11_13" STYLEREFS="FONT0"/>
          </TextLine>
          <TextLine ID="r1l14" BASELINE="279" HEIGHT="46" WIDTH="950" VPOS="233" HPOS="129">
            <String HEIGHT="46" WIDTH="88" VPOS="233" HPOS="114" CONTENT="es" ID="r1l14_1" STYLEREFS="FONT0"/>
            <SP HEIGHT="46" WIDTH="15" VPOS="233" HPOS="202"/>
            <String HEIGHT="46" WIDTH="132" VPOS="233" HPOS="158" CONTENT="jolis" ID="r1l14_2" STYLEREFS="FONT0"/>
            <SP HEIGHT="46" WIDTH="15" VPOS="233" HPOS="290"/>
            <String HEIGHT="46" WIDTH="219" VPOS="233" HPOS="246" CONTENT="spectacles." ID="r1l14_3" STYLEREFS="FONT0"/>
            <SP HEIGHT="46" WIDTH="15" VPOS="233" HPOS="465"/>
            <String HEIGHT="46" WIDTH="132" VPOS="233" HPOS="421" CONTENT="«Mais" ID="r1l14_4" STYLEREFS="FONT0"/>
            <SP HEIGHT="46" WIDTH="15" VPOS="233" HPOS="553"/>
            <String HEIGHT="46" WIDTH="117" VPOS="233" HPOS="509" CONTENT="j’ai" ID="r1l14_5" STYLEREFS="FONT0"/>
            <SP HEIGHT="46" WIDTH="15" VPOS="233" HPOS="626"/>
            <String HEIGHT="46" WIDTH="161" VPOS="233" HPOS="582" CONTENT="renoncé" ID="r1l14_6" STYLEREFS="FONT0"/>
            <SP HEIGHT="46" WIDTH="15" VPOS="233" HPOS="743"/>
            <String HEIGHT="46" WIDTH="88" VPOS="233" HPOS="699" CONTENT="au" ID="r1l14_7" STYLEREFS="FONT0"/>
            <SP HEIGHT="46" WIDTH="15" VPOS="233" HPOS="787"/>
            <String HEIGHT="46" WIDTH="132" VPOS="233" HPOS="743" CONTENT="monde" ID="r1l14_8" STYLEREFS="FONT0"/>
            <SP HEIGHT="46" WIDTH="15" VPOS="233" HPOS="874"/>
            <String HEIGHT="46" WIDTH="88" VPOS="233" HPOS="831" CONTENT="et" ID="r1l14_9" STYLEREFS="FONT0"/>
            <SP HEIGHT="46" WIDTH="15" VPOS="233" HPOS="918"/>
            <String HEIGHT="46" WIDTH="73" VPOS="233" HPOS="874" CONTENT="à" ID="r1l14_10" STYLEREFS="FONT0"/>
            <SP HEIGHT="46" WIDTH="15" VPOS="233" HPOS="947"/>
            <String HEIGHT="46" WIDTH="102" VPOS="233" HPOS="904" CONTENT="ses" ID="r1l14_11" STYLEREFS="FONT0"/>
            <SP HEIGHT="46" WIDTH="15" VPOS="233" HPOS="1006"/>
            <String HEIGHT="46" WIDTH="132" VPOS="233" HPOS="947" CONTENT="pompes." ID="r1l14_12" STYLEREFS="FONT0"/>
          </TextLine>
          <TextLine ID="r1l16" BASELINE="320" HEIGHT="60" WIDTH="949" VPOS="260" HPOS="130">
            <String HEIGHT="60" WIDTH="102" VPOS="260" HPOS="115" CONTENT="ous" ID="r1l16_1" STYLEREFS="FONT0"/>
            <SP HEIGHT="60" WIDTH="15" VPOS="260" HPOS="218"/>
            <String HEIGHT="60" WIDTH="146" VPOS="260" HPOS="174" CONTENT="n’avez" ID="r1l16_2" STYLEREFS="FONT0"/>
            <SP HEIGHT="60" WIDTH="15" VPOS="260" HPOS="320"/>
            <String HEIGHT="60" WIDTH="102" VPOS="260" HPOS="276" CONTENT="pas" ID="r1l16_3" STYLEREFS="FONT0"/>
            <SP HEIGHT="60" WIDTH="15" VPOS="260" HPOS="378"/>
            <String HEIGHT="60" WIDTH="146" VPOS="260" HPOS="334" CONTENT="besoin" ID="r1l16_4" STYLEREFS="FONT0"/>
            <SP HEIGHT="60" WIDTH="15" VPOS="260" HPOS="480"/>
            <String HEIGHT="60" WIDTH="88" VPOS="260" HPOS="437" CONTENT="du" ID="r1l16_5" STYLEREFS="FONT0"/>
            <SP HEIGHT="60" WIDTH="15" VPOS="260" HPOS="524"/>
            <String HEIGHT="60" WIDTH="175" VPOS="260" HPOS="480" CONTENT="suffrage" ID="r1l16_6" STYLEREFS="FONT0"/>
            <SP HEIGHT="60" WIDTH="15" VPOS="260" HPOS="656"/>
            <String HEIGHT="60" WIDTH="117" VPOS="260" HPOS="612" CONTENT="d’un" ID="r1l16_7" STYLEREFS="FONT0"/>
            <SP HEIGHT="60" WIDTH="15" VPOS="260" HPOS="729"/>
            <String HEIGHT="60" WIDTH="190" VPOS="260" HPOS="685" CONTENT="allobroge" ID="r1l16_8" STYLEREFS="FONT0"/>
            <SP HEIGHT="60" WIDTH="15" VPOS="260" HPOS="875"/>
            <String HEIGHT="60" WIDTH="161" VPOS="260" HPOS="831" CONTENT="enterré" ID="r1l16_9" STYLEREFS="FONT0"/>
            <SP HEIGHT="60" WIDTH="15" VPOS="260" HPOS="991"/>
            <String HEIGHT="60" WIDTH="117" VPOS="260" HPOS="948" CONTENT="dans" ID="r1l16_10" STYLEREFS="FONT0"/>
            <SP HEIGHT="60" WIDTH="15" VPOS="260" HPOS="1064"/>
            <String HEIGHT="60" WIDTH="73" VPOS="260" HPOS="1006" CONTENT="les" ID="r1l16_11" STYLEREFS="FONT0"/>
          </TextLine>
          <TextLine ID="r1l19" BASELINE="354" HEIGHT="50" WIDTH="318" VPOS="304" HPOS="123">
            <String HEIGHT="50" WIDTH="151" VPOS="304" HPOS="108" CONTENT="neiges" ID="r1l19_1" STYLEREFS="FONT0"/>
            <SP HEIGHT="50" WIDTH="15" VPOS="304" HPOS="259"/>
            <String HEIGHT="50" WIDTH="91" VPOS="304" HPOS="214" CONTENT="au" ID="r1l19_2" STYLEREFS="FONT0"/>
            <SP HEIGHT="50" WIDTH="15" VPOS="304" HPOS="305"/>
            <String HEIGHT="50" WIDTH="121" VPOS="304" HPOS="259" CONTENT="mont" ID="r1l19_3" STYLEREFS="FONT0"/>
            <SP HEIGHT="50" WIDTH="15" VPOS="304" HPOS="380"/>
            <String HEIGHT="50" WIDTH="121" VPOS="304" HPOS="320" CONTENT="Jura.»" ID="r1l19_4" STYLEREFS="FONT0"/>
          </TextLine>
          <TextLine ID="r1l21" BASELINE="387" HEIGHT="51" WIDTH="556" VPOS="336" HPOS="124">
            <String HEIGHT="51" WIDTH="69" VPOS="336" HPOS="116" CONTENT="19956" ID="r1l21_1" STYLEREFS="FONT0"/>
            <SP HEIGHT="51" WIDTH="8" VPOS="336" HPOS="185"/>
            <String HEIGHT="51" WIDTH="46" VPOS="336" HPOS="162" CONTENT="LE" ID="r1l21_2" STYLEREFS="FONT0"/>
            <SP HEIGHT="51" WIDTH="8" VPOS="336" HPOS="208"/>
            <String HEIGHT="51" WIDTH="69" VPOS="336" HPOS="185" CONTENT="MÊME." ID="r1l21_3" STYLEREFS="FONT0"/>
            <SP HEIGHT="51" WIDTH="8" VPOS="336" HPOS="253"/>
            <String HEIGHT="51" WIDTH="69" VPOS="336" HPOS="231" CONTENT="L." ID="r1l21_4" STYLEREFS="FONT2"/>
            <SP HEIGHT="51" WIDTH="8" VPOS="336" HPOS="299"/>
            <String HEIGHT="51" WIDTH="46" VPOS="336" HPOS="276" CONTENT="s." ID="r1l21_5" STYLEREFS="FONT2"/>
            <SP HEIGHT="51" WIDTH="8" VPOS="336" HPOS="322"/>
            <String HEIGHT="51" WIDTH="69" VPOS="336" HPOS="299" CONTENT="V" ID="r1l21_6" STYLEREFS="FONT2"/>
            <SP HEIGHT="51" WIDTH="8" VPOS="336" HPOS="368"/>
            <String HEIGHT="51" WIDTH="91" VPOS="336" HPOS="345" CONTENT="auimême;" ID="r1l21_7" STYLEREFS="FONT0"/>
            <SP HEIGHT="51" WIDTH="8" VPOS="336" HPOS="436"/>
            <String HEIGHT="51" WIDTH="84" VPOS="336" HPOS="413" CONTENT="Ferney," ID="r1l21_8" STYLEREFS="FONT0"/>
            <SP HEIGHT="51" WIDTH="8" VPOS="336" HPOS="497"/>
            <String HEIGHT="51" WIDTH="38" VPOS="336" HPOS="474" CONTENT="3" ID="r1l21_9" STYLEREFS="FONT0"/>
            <SP HEIGHT="51" WIDTH="8" VPOS="336" HPOS="512"/>
            <String HEIGHT="51" WIDTH="61" VPOS="336" HPOS="490" CONTENT="oct." ID="r1l21_10" STYLEREFS="FONT0"/>
            <SP HEIGHT="51" WIDTH="8" VPOS="336" HPOS="551"/>
            <String HEIGHT="51" WIDTH="69" VPOS="336" HPOS="528" CONTENT="1775," ID="r1l21_11" STYLEREFS="FONT0"/>
            <SP HEIGHT="51" WIDTH="8" VPOS="336" HPOS="596"/>
            <String HEIGHT="51" WIDTH="38" VPOS="336" HPOS="573" CONTENT="1" ID="r1l21_12" STYLEREFS="FONT0"/>
            <SP HEIGHT="51" WIDTH="8" VPOS="336" HPOS="611"/>
            <String HEIGHT="51" WIDTH="46" VPOS="336" HPOS="589" CONTENT="p." ID="r1l21_13" STYLEREFS="FONT0"/>
            <SP HEIGHT="51" WIDTH="8" VPOS="336" HPOS="634"/>
            <String HEIGHT="51" WIDTH="53" VPOS="336" HPOS="611" CONTENT="1/2" ID="r1l21_14" STYLEREFS="FONT0"/>
            <SP HEIGHT="51" WIDTH="8" VPOS="336" HPOS="665"/>
            <String HEIGHT="51" WIDTH="46" VPOS="336" HPOS="634" CONTENT="in" ID="r1l21_15" STYLEREFS="FONT0"/>
          </TextLine>
          <TextLine ID="r1l25" BASELINE="422" HEIGHT="59" WIDTH="815" VPOS="363" HPOS="123">
            <String HEIGHT="59" WIDTH="155" VPOS="363" HPOS="110" CONTENT="fragment" ID="r1l25_1" STYLEREFS="FONT0"/>
            <SP HEIGHT="59" WIDTH="13" VPOS="363" HPOS="265"/>
            <String HEIGHT="59" WIDTH="78" VPOS="363" HPOS="226" CONTENT="de" ID="r1l25_2" STYLEREFS="FONT0"/>
            <SP HEIGHT="59" WIDTH="13" VPOS="363" HPOS="304"/>
            <String HEIGHT="59" WIDTH="142" VPOS="363" HPOS="265" CONTENT="cachet." ID="r1l25_3" STYLEREFS="FONT0"/>
            <SP HEIGHT="59" WIDTH="13" VPOS="363" HPOS="408"/>
            <String HEIGHT="59" WIDTH="168" VPOS="363" HPOS="369" CONTENT="L’adresse" ID="r1l25_4" STYLEREFS="FONT0"/>
            <SP HEIGHT="59" WIDTH="13" VPOS="363" HPOS="537"/>
            <String HEIGHT="59" WIDTH="155" VPOS="363" HPOS="498" CONTENT="enlevée." ID="r1l25_5" STYLEREFS="FONT0"/>
            <SP HEIGHT="59" WIDTH="13" VPOS="363" HPOS="653"/>
            <String HEIGHT="59" WIDTH="103" VPOS="363" HPOS="615" CONTENT="Sans" ID="r1l25_6" STYLEREFS="FONT0"/>
            <SP HEIGHT="59" WIDTH="13" VPOS="363" HPOS="718"/>
            <String HEIGHT="59" WIDTH="116" VPOS="363" HPOS="679" CONTENT="doute" ID="r1l25_7" STYLEREFS="FONT0"/>
            <SP HEIGHT="59" WIDTH="13" VPOS="363" HPOS="796"/>
            <String HEIGHT="59" WIDTH="155" VPOS="363" HPOS="757" CONTENT="inédite." ID="r1l25_8" STYLEREFS="FONT0"/>
            <SP HEIGHT="59" WIDTH="13" VPOS="363" HPOS="912"/>
            <String HEIGHT="59" WIDTH="65" VPOS="363" HPOS="873" CONTENT="5" ID="r1l25_9" STYLEREFS="FONT0"/>
            <SP HEIGHT="59" WIDTH="13" VPOS="363" HPOS="938"/>
            <String HEIGHT="59" WIDTH="52" VPOS="363" HPOS="886" CONTENT="50" ID="r1l25_10" STYLEREFS="FONT0"/>
          </TextLine>
          <TextLine ID="r1l26" BASELINE="461" HEIGHT="73" WIDTH="971" VPOS="388" HPOS="110">
            <String HEIGHT="73" WIDTH="209" VPOS="388" HPOS="95" CONTENT="—Charmante" ID="r1l26_1" STYLEREFS="FONT0"/>
            <SP HEIGHT="73" WIDTH="15" VPOS="388" HPOS="304"/>
            <String HEIGHT="73" WIDTH="164" VPOS="388" HPOS="259" CONTENT="épître." ID="r1l26_2" STYLEREFS="FONT0"/>
            <SP HEIGHT="73" WIDTH="15" VPOS="388" HPOS="424"/>
            <String HEIGHT="73" WIDTH="90" VPOS="388" HPOS="379" CONTENT="Il" ID="r1l26_3" STYLEREFS="FONT0"/>
            <SP HEIGHT="73" WIDTH="15" VPOS="388" HPOS="469"/>
            <String HEIGHT="73" WIDTH="179" VPOS="388" HPOS="424" CONTENT="s’excuse" ID="r1l26_4" STYLEREFS="FONT0"/>
            <SP HEIGHT="73" WIDTH="15" VPOS="388" HPOS="603"/>
            <String HEIGHT="73" WIDTH="164" VPOS="388" HPOS="558" CONTENT="d’avoir" ID="r1l26_5" STYLEREFS="FONT0"/>
            <SP HEIGHT="73" WIDTH="15" VPOS="388" HPOS="722"/>
            <String HEIGHT="73" WIDTH="120" VPOS="388" HPOS="678" CONTENT="tant" ID="r1l26_6" STYLEREFS="FONT0"/>
            <SP HEIGHT="73" WIDTH="15" VPOS="388" HPOS="797"/>
            <String HEIGHT="73" WIDTH="134" VPOS="388" HPOS="752" CONTENT="tardé" ID="r1l26_7" STYLEREFS="FONT0"/>
            <SP HEIGHT="73" WIDTH="15" VPOS="388" HPOS="887"/>
            <String HEIGHT="73" WIDTH="75" VPOS="388" HPOS="842" CONTENT="à" ID="r1l26_8" STYLEREFS="FONT0"/>
            <SP HEIGHT="73" WIDTH="15" VPOS="388" HPOS="917"/>
            <String HEIGHT="73" WIDTH="194" VPOS="388" HPOS="872" CONTENT="répondre." ID="r1l26_9" STYLEREFS="FONT0"/>
            <SP HEIGHT="73" WIDTH="15" VPOS="388" HPOS="1066"/>
            <String HEIGHT="73" WIDTH="75" VPOS="388" HPOS="1006" CONTENT="éUn" ID="r1l26_10" STYLEREFS="FONT0"/>
          </TextLine>
          <TextLine ID="r1l28" BASELINE="491" HEIGHT="53" WIDTH="572" VPOS="438" HPOS="120">
            <String HEIGHT="53" WIDTH="106" VPOS="438" HPOS="111" CONTENT="radoteur" ID="r1l28_1" STYLEREFS="FONT0"/>
            <SP HEIGHT="53" WIDTH="9" VPOS="438" HPOS="217"/>
            <String HEIGHT="53" WIDTH="53" VPOS="438" HPOS="190" CONTENT="de" ID="r1l28_2" STYLEREFS="FONT0"/>
            <SP HEIGHT="53" WIDTH="9" VPOS="438" HPOS="243"/>
            <String HEIGHT="53" WIDTH="53" VPOS="438" HPOS="217" CONTENT="82" ID="r1l28_3" STYLEREFS="FONT0"/>
            <SP HEIGHT="53" WIDTH="9" VPOS="438" HPOS="270"/>
            <String HEIGHT="53" WIDTH="70" VPOS="438" HPOS="243" CONTENT="ans," ID="r1l28_4" STYLEREFS="FONT0"/>
            <SP HEIGHT="53" WIDTH="9" VPOS="438" HPOS="314"/>
            <String HEIGHT="53" WIDTH="62" VPOS="438" HPOS="287" CONTENT="qui" ID="r1l28_5" STYLEREFS="FONT0"/>
            <SP HEIGHT="53" WIDTH="9" VPOS="438" HPOS="349"/>
            <String HEIGHT="53" WIDTH="62" VPOS="438" HPOS="322" CONTENT="des" ID="r1l28_6" STYLEREFS="FONT0"/>
            <SP HEIGHT="53" WIDTH="9" VPOS="438" HPOS="384"/>
            <String HEIGHT="53" WIDTH="53" VPOS="438" HPOS="358" CONTENT="24" ID="r1l28_7" STYLEREFS="FONT0"/>
            <SP HEIGHT="53" WIDTH="9" VPOS="438" HPOS="410"/>
            <String HEIGHT="53" WIDTH="88" VPOS="438" HPOS="384" CONTENT="heures" ID="r1l28_8" STYLEREFS="FONT0"/>
            <SP HEIGHT="53" WIDTH="9" VPOS="438" HPOS="472"/>
            <String HEIGHT="53" WIDTH="53" VPOS="438" HPOS="446" CONTENT="de" ID="r1l28_9" STYLEREFS="FONT0"/>
            <SP HEIGHT="53" WIDTH="9" VPOS="438" HPOS="498"/>
            <String HEIGHT="53" WIDTH="53" VPOS="438" HPOS="472" CONTENT="la" ID="r1l28_10" STYLEREFS="FONT0"/>
            <SP HEIGHT="53" WIDTH="9" VPOS="438" HPOS="525"/>
            <String HEIGHT="53" WIDTH="97" VPOS="438" HPOS="498" CONTENT="journée" ID="r1l28_11" STYLEREFS="FONT0"/>
            <SP HEIGHT="53" WIDTH="9" VPOS="438" HPOS="595"/>
            <String HEIGHT="53" WIDTH="53" VPOS="438" HPOS="569" CONTENT="en" ID="r1l28_12" STYLEREFS="FONT0"/>
            <SP HEIGHT="53" WIDTH="9" VPOS="438" HPOS="622"/>
            <String HEIGHT="53" WIDTH="79" VPOS="438" HPOS="595" CONTENT="passe" ID="r1l28_13" STYLEREFS="FONT0"/>
            <SP HEIGHT="53" WIDTH="9" VPOS="438" HPOS="674"/>
            <String HEIGHT="53" WIDTH="53" VPOS="438" HPOS="648" CONTENT="23" ID="r1l28_14" STYLEREFS="FONT0"/>
            <SP HEIGHT="53" WIDTH="9" VPOS="438" HPOS="701"/>
            <String HEIGHT="53" WIDTH="26" VPOS="438" HPOS="666" CONTENT="à" ID="r1l28_15" STYLEREFS="FONT0"/>
          </TextLine>
          <TextLine ID="r1l30" BASELINE="523" HEIGHT="47" WIDTH="561" VPOS="476" HPOS="132">
            <String HEIGHT="47" WIDTH="99" VPOS="476" HPOS="124" CONTENT="souffrir" ID="r1l30_1" STYLEREFS="FONT0"/>
            <SP HEIGHT="47" WIDTH="8" VPOS="476" HPOS="223"/>
            <String HEIGHT="47" WIDTH="74" VPOS="476" HPOS="198" CONTENT="n’est" ID="r1l30_2" STYLEREFS="FONT0"/>
            <SP HEIGHT="47" WIDTH="8" VPOS="476" HPOS="272"/>
            <String HEIGHT="47" WIDTH="58" VPOS="476" HPOS="248" CONTENT="pas" ID="r1l30_3" STYLEREFS="FONT0"/>
            <SP HEIGHT="47" WIDTH="8" VPOS="476" HPOS="305"/>
            <String HEIGHT="47" WIDTH="50" VPOS="476" HPOS="281" CONTENT="le" ID="r1l30_4" STYLEREFS="FONT0"/>
            <SP HEIGHT="47" WIDTH="8" VPOS="476" HPOS="330"/>
            <String HEIGHT="47" WIDTH="83" VPOS="476" HPOS="305" CONTENT="maître" ID="r1l30_5" STYLEREFS="FONT0"/>
            <SP HEIGHT="47" WIDTH="8" VPOS="476" HPOS="388"/>
            <String HEIGHT="47" WIDTH="58" VPOS="476" HPOS="363" CONTENT="des" ID="r1l30_6" STYLEREFS="FONT0"/>
            <SP HEIGHT="47" WIDTH="8" VPOS="476" HPOS="421"/>
            <String HEIGHT="47" WIDTH="91" VPOS="476" HPOS="396" CONTENT="moments" ID="r1l30_7" STYLEREFS="FONT0"/>
            <SP HEIGHT="47" WIDTH="8" VPOS="476" HPOS="487"/>
            <String HEIGHT="47" WIDTH="74" VPOS="476" HPOS="462" CONTENT="qu’il" ID="r1l30_8" STYLEREFS="FONT0"/>
            <SP HEIGHT="47" WIDTH="8" VPOS="476" HPOS="536"/>
            <String HEIGHT="47" WIDTH="99" VPOS="476" HPOS="512" CONTENT="voudrait" ID="r1l30_9" STYLEREFS="FONT0"/>
            <SP HEIGHT="47" WIDTH="8" VPOS="476" HPOS="611"/>
            <String HEIGHT="47" WIDTH="83" VPOS="476" HPOS="586" CONTENT="donner" ID="r1l30_10" STYLEREFS="FONT0"/>
            <SP HEIGHT="47" WIDTH="8" VPOS="476" HPOS="668"/>
            <String HEIGHT="47" WIDTH="41" VPOS="476" HPOS="644" CONTENT="à" ID="r1l30_11" STYLEREFS="FONT0"/>
            <SP HEIGHT="47" WIDTH="8" VPOS="476" HPOS="685"/>
            <String HEIGHT="47" WIDTH="41" VPOS="476" HPOS="652" CONTENT="ses" ID="r1l30_12" STYLEREFS="FONT0"/>
          </TextLine>
          <TextLine ID="r1l33" BASELINE="565" HEIGHT="53" WIDTH="575" VPOS="512" HPOS="123">
            <String HEIGHT="53" WIDTH="87" VPOS="512" HPOS="115" CONTENT="devoirs" ID="r1l33_1" STYLEREFS="FONT0"/>
            <SP HEIGHT="53" WIDTH="8" VPOS="512" HPOS="202"/>
            <String HEIGHT="53" WIDTH="47" VPOS="512" HPOS="178" CONTENT="et" ID="r1l33_2" STYLEREFS="FONT0"/>
            <SP HEIGHT="53" WIDTH="8" VPOS="512" HPOS="225"/>
            <String HEIGHT="53" WIDTH="39" VPOS="512" HPOS="202" CONTENT="à" ID="r1l33_3" STYLEREFS="FONT0"/>
            <SP HEIGHT="53" WIDTH="8" VPOS="512" HPOS="241"/>
            <String HEIGHT="53" WIDTH="55" VPOS="512" HPOS="218" CONTENT="ses" ID="r1l33_4" STYLEREFS="FONT0"/>
            <SP HEIGHT="53" WIDTH="8" VPOS="512" HPOS="273"/>
            <String HEIGHT="53" WIDTH="118" VPOS="512" HPOS="249" CONTENT="plaisirs..." ID="r1l33_5" STYLEREFS="FONT0"/>
            <SP HEIGHT="53" WIDTH="8" VPOS="512" HPOS="367"/>
            <String HEIGHT="53" WIDTH="47" VPOS="512" HPOS="344" CONTENT="Je" ID="r1l33_6" STYLEREFS="FONT0"/>
            <SP HEIGHT="53" WIDTH="8" VPOS="512" HPOS="391"/>
            <String HEIGHT="53" WIDTH="63" VPOS="512" HPOS="367" CONTENT="vous" ID="r1l33_7" STYLEREFS="FONT0"/>
            <SP HEIGHT="53" WIDTH="8" VPOS="512" HPOS="430"/>
            <String HEIGHT="53" WIDTH="79" VPOS="512" HPOS="407" CONTENT="avoue," ID="r1l33_8" STYLEREFS="FONT0"/>
            <SP HEIGHT="53" WIDTH="8" VPOS="512" HPOS="485"/>
            <String HEIGHT="53" WIDTH="126" VPOS="512" HPOS="462" CONTENT="ajoute-t-il," ID="r1l33_9" STYLEREFS="FONT0"/>
            <SP HEIGHT="53" WIDTH="8" VPOS="512" HPOS="588"/>
            <String HEIGHT="53" WIDTH="55" VPOS="512" HPOS="564" CONTENT="que" ID="r1l33_10" STYLEREFS="FONT0"/>
            <SP HEIGHT="53" WIDTH="8" VPOS="512" HPOS="619"/>
            <String HEIGHT="53" WIDTH="47" VPOS="512" HPOS="596" CONTENT="je" ID="r1l33_11" STYLEREFS="FONT0"/>
            <SP HEIGHT="53" WIDTH="8" VPOS="512" HPOS="643"/>
            <String HEIGHT="53" WIDTH="63" VPOS="512" HPOS="619" CONTENT="suis" ID="r1l33_12" STYLEREFS="FONT0"/>
            <SP HEIGHT="53" WIDTH="8" VPOS="512" HPOS="682"/>
            <String HEIGHT="53" WIDTH="47" VPOS="512" HPOS="651" CONTENT="fort" ID="r1l33_13" STYLEREFS="FONT0"/>
          </TextLine>
          <TextLine ID="r1l35" BASELINE="588" HEIGHT="55" WIDTH="965" VPOS="533" HPOS="122">
            <String HEIGHT="55" WIDTH="130" VPOS="533" HPOS="108" CONTENT="fâché" ID="r1l35_1" STYLEREFS="FONT0"/>
            <SP HEIGHT="55" WIDTH="14" VPOS="533" HPOS="237"/>
            <String HEIGHT="55" WIDTH="86" VPOS="533" HPOS="194" CONTENT="de" ID="r1l35_2" STYLEREFS="FONT0"/>
            <SP HEIGHT="55" WIDTH="14" VPOS="533" HPOS="280"/>
            <String HEIGHT="55" WIDTH="144" VPOS="533" HPOS="237" CONTENT="mourir" ID="r1l35_3" STYLEREFS="FONT0"/>
            <SP HEIGHT="55" WIDTH="14" VPOS="533" HPOS="381"/>
            <String HEIGHT="55" WIDTH="115" VPOS="533" HPOS="338" CONTENT="sans" ID="r1l35_4" STYLEREFS="FONT0"/>
            <SP HEIGHT="55" WIDTH="14" VPOS="533" HPOS="453"/>
            <String HEIGHT="55" WIDTH="130" VPOS="533" HPOS="410" CONTENT="avoir" ID="r1l35_5" STYLEREFS="FONT0"/>
            <SP HEIGHT="55" WIDTH="14" VPOS="533" HPOS="540"/>
            <String HEIGHT="55" WIDTH="115" VPOS="533" HPOS="496" CONTENT="joui" ID="r1l35_6" STYLEREFS="FONT0"/>
            <SP HEIGHT="55" WIDTH="14" VPOS="533" HPOS="612"/>
            <String HEIGHT="55" WIDTH="101" VPOS="533" HPOS="568" CONTENT="des" ID="r1l35_7" STYLEREFS="FONT0"/>
            <SP HEIGHT="55" WIDTH="14" VPOS="533" HPOS="669"/>
            <String HEIGHT="55" WIDTH="173" VPOS="533" HPOS="626" CONTENT="plaisirs" ID="r1l35_8" STYLEREFS="FONT0"/>
            <SP HEIGHT="55" WIDTH="14" VPOS="533" HPOS="799"/>
            <String HEIGHT="55" WIDTH="101" VPOS="533" HPOS="756" CONTENT="que" ID="r1l35_9" STYLEREFS="FONT0"/>
            <SP HEIGHT="55" WIDTH="14" VPOS="533" HPOS="857"/>
            <String HEIGHT="55" WIDTH="115" VPOS="533" HPOS="813" CONTENT="vous" ID="r1l35_10" STYLEREFS="FONT0"/>
            <SP HEIGHT="55" WIDTH="14" VPOS="533" HPOS="929"/>
            <String HEIGHT="55" WIDTH="144" VPOS="533" HPOS="885" CONTENT="donnez" ID="r1l35_11" STYLEREFS="FONT0"/>
            <SP HEIGHT="55" WIDTH="14" VPOS="533" HPOS="1029"/>
            <String HEIGHT="55" WIDTH="72" VPOS="533" HPOS="986" CONTENT="à" ID="r1l35_12" STYLEREFS="FONT0"/>
            <SP HEIGHT="55" WIDTH="14" VPOS="533" HPOS="1058"/>
            <String HEIGHT="55" WIDTH="86" VPOS="533" HPOS="1001" CONTENT="tous" ID="r1l35_13" STYLEREFS="FONT0"/>
          </TextLine>
          <TextLine ID="r1l37" BASELINE="623" HEIGHT="39" WIDTH="795" VPOS="584" HPOS="138">
            <String HEIGHT="39" WIDTH="182" VPOS="584" HPOS="115" CONTENT="ceux" ID="r1l37_1" STYLEREFS="FONT0"/>
            <SP HEIGHT="39" WIDTH="23" VPOS="584" HPOS="297"/>
            <String HEIGHT="39" WIDTH="159" VPOS="584" HPOS="229" CONTENT="qui" ID="r1l37_2" STYLEREFS="FONT0"/>
            <SP HEIGHT="39" WIDTH="23" VPOS="584" HPOS="388"/>
            <String HEIGHT="39" WIDTH="182" VPOS="584" HPOS="320" CONTENT="sont" ID="r1l37_3" STYLEREFS="FONT0"/>
            <SP HEIGHT="39" WIDTH="23" VPOS="584" HPOS="501"/>
            <String HEIGHT="39" WIDTH="227" VPOS="584" HPOS="433" CONTENT="dignes" ID="r1l37_4" STYLEREFS="FONT0"/>
            <SP HEIGHT="39" WIDTH="23" VPOS="584" HPOS="660"/>
            <String HEIGHT="39" WIDTH="182" VPOS="584" HPOS="592" CONTENT="d’en" ID="r1l37_5" STYLEREFS="FONT0"/>
            <SP HEIGHT="39" WIDTH="23" VPOS="584" HPOS="774"/>
            <String HEIGHT="39" WIDTH="250" VPOS="584" HPOS="683" CONTENT="avoir...»" ID="r1l37_6" STYLEREFS="FONT0"/>
          </TextLine>
          <TextLine ID="r1l38" BASELINE="658" HEIGHT="50" WIDTH="958" VPOS="608" HPOS="132">
            <String HEIGHT="50" WIDTH="113" VPOS="608" HPOS="119" CONTENT="19957" ID="r1l38_1" STYLEREFS="FONT0"/>
            <SP HEIGHT="50" WIDTH="13" VPOS="608" HPOS="233"/>
            <String HEIGHT="50" WIDTH="76" VPOS="608" HPOS="195" CONTENT="LE" ID="r1l38_2" STYLEREFS="FONT0"/>
            <SP HEIGHT="50" WIDTH="13" VPOS="608" HPOS="271"/>
            <String HEIGHT="50" WIDTH="113" VPOS="608" HPOS="233" CONTENT="MÊME." ID="r1l38_3" STYLEREFS="FONT0"/>
            <SP HEIGHT="50" WIDTH="13" VPOS="608" HPOS="346"/>
            <String HEIGHT="50" WIDTH="101" VPOS="608" HPOS="308" CONTENT="L." ID="r1l38_4" STYLEREFS="FONT2"/>
            <SP HEIGHT="50" WIDTH="13" VPOS="608" HPOS="409"/>
            <String HEIGHT="50" WIDTH="76" VPOS="608" HPOS="372" CONTENT="s." ID="r1l38_5" STYLEREFS="FONT2"/>
            <SP HEIGHT="50" WIDTH="13" VPOS="608" HPOS="447"/>
            <String HEIGHT="50" WIDTH="202" VPOS="608" HPOS="409" CONTENT="Voltaire" ID="r1l38_6" STYLEREFS="FONT2"/>
            <SP HEIGHT="50" WIDTH="13" VPOS="608" HPOS="611"/>
            <String HEIGHT="50" WIDTH="63" VPOS="608" HPOS="573" CONTENT="à" ID="r1l38_7" STYLEREFS="FONT0"/>
            <SP HEIGHT="50" WIDTH="13" VPOS="608" HPOS="636"/>
            <String HEIGHT="50" WIDTH="76" VPOS="608" HPOS="598" CONTENT="M." ID="r1l38_8" STYLEREFS="FONT0"/>
            <SP HEIGHT="50" WIDTH="13" VPOS="608" HPOS="674"/>
            <String HEIGHT="50" WIDTH="126" VPOS="608" HPOS="636" CONTENT="Coste," ID="r1l38_9" STYLEREFS="FONT0"/>
            <SP HEIGHT="50" WIDTH="13" VPOS="608" HPOS="762"/>
            <String HEIGHT="50" WIDTH="139" VPOS="608" HPOS="724" CONTENT="docteur" ID="r1l38_10" STYLEREFS="FONT0"/>
            <SP HEIGHT="50" WIDTH="13" VPOS="608" HPOS="863"/>
            <String HEIGHT="50" WIDTH="76" VPOS="608" HPOS="825" CONTENT="en" ID="r1l38_11" STYLEREFS="FONT0"/>
            <SP HEIGHT="50" WIDTH="13" VPOS="608" HPOS="901"/>
            <String HEIGHT="50" WIDTH="164" VPOS="608" HPOS="863" CONTENT="médecine;" ID="r1l38_12" STYLEREFS="FONT0"/>
            <SP HEIGHT="50" WIDTH="13" VPOS="608" HPOS="1027"/>
            <String HEIGHT="50" WIDTH="113" VPOS="608" HPOS="977" CONTENT="Fernev," ID="r1l38_13" STYLEREFS="FONT0"/>
          </TextLine>
          <TextLine ID="r1l43" BASELINE="704" HEIGHT="55" WIDTH="336" VPOS="649" HPOS="131">
            <String HEIGHT="55" WIDTH="67" VPOS="649" HPOS="120" CONTENT="17" ID="r1l43_1" STYLEREFS="FONT0"/>
            <SP HEIGHT="55" WIDTH="11" VPOS="649" HPOS="187"/>
            <String HEIGHT="55" WIDTH="90" VPOS="649" HPOS="153" CONTENT="oct." ID="r1l43_2" STYLEREFS="FONT0"/>
            <SP HEIGHT="55" WIDTH="11" VPOS="649" HPOS="243"/>
            <String HEIGHT="55" WIDTH="101" VPOS="649" HPOS="209" CONTENT="1769," ID="r1l43_3" STYLEREFS="FONT0"/>
            <SP HEIGHT="55" WIDTH="11" VPOS="649" HPOS="310"/>
            <String HEIGHT="55" WIDTH="67" VPOS="649" HPOS="277" CONTENT="1." ID="r1l43_4" STYLEREFS="FONT0"/>
            <SP HEIGHT="55" WIDTH="11" VPOS="649" HPOS="344"/>
            <String HEIGHT="55" WIDTH="67" VPOS="649" HPOS="310" CONTENT="p." ID="r1l43_5" STYLEREFS="FONT0"/>
            <SP HEIGHT="55" WIDTH="11" VPOS="649" HPOS="377"/>
            <String HEIGHT="55" WIDTH="101" VPOS="649" HPOS="344" CONTENT="in-4." ID="r1l43_6" STYLEREFS="FONT0"/>
            <SP HEIGHT="55" WIDTH="11" VPOS="649" HPOS="445"/>
            <String HEIGHT="55" WIDTH="56" VPOS="649" HPOS="411" CONTENT="7" ID="r1l43_7" STYLEREFS="FONT0"/>
            <SP HEIGHT="55" WIDTH="11" VPOS="649" HPOS="467"/>
            <String HEIGHT="55" WIDTH="45" VPOS="649" HPOS="422" CONTENT="50" ID="r1l43_8" STYLEREFS="FONT0"/>
          </TextLine>
          <TextLine ID="r1l45" BASELINE="728" HEIGHT="64" WIDTH="928" VPOS="664" HPOS="163">
            <String HEIGHT="64" WIDTH="137" VPOS="664" HPOS="152" CONTENT="Curieuse" ID="r1l45_1" STYLEREFS="FONT0"/>
            <SP HEIGHT="64" WIDTH="11" VPOS="664" HPOS="289"/>
            <String HEIGHT="64" WIDTH="126" VPOS="664" HPOS="255" CONTENT="épître." ID="r1l45_2" STYLEREFS="FONT0"/>
            <SP HEIGHT="64" WIDTH="11" VPOS="664" HPOS="381"/>
            <String HEIGHT="64" WIDTH="69" VPOS="664" HPOS="346" CONTENT="Il" ID="r1l45_3" STYLEREFS="FONT0"/>
            <SP HEIGHT="64" WIDTH="11" VPOS="664" HPOS="415"/>
            <String HEIGHT="64" WIDTH="80" VPOS="664" HPOS="381" CONTENT="est" ID="r1l45_4" STYLEREFS="FONT0"/>
            <SP HEIGHT="64" WIDTH="11" VPOS="664" HPOS="461"/>
            <String HEIGHT="64" WIDTH="103" VPOS="664" HPOS="427" CONTENT="fâché" ID="r1l45_5" STYLEREFS="FONT0"/>
            <SP HEIGHT="64" WIDTH="11" VPOS="664" HPOS="530"/>
            <String HEIGHT="64" WIDTH="126" VPOS="664" HPOS="495" CONTENT="d’avoir" ID="r1l45_6" STYLEREFS="FONT0"/>
            <SP HEIGHT="64" WIDTH="11" VPOS="664" HPOS="621"/>
            <String HEIGHT="64" WIDTH="80" VPOS="664" HPOS="587" CONTENT="été" ID="r1l45_7" STYLEREFS="FONT0"/>
            <SP HEIGHT="64" WIDTH="11" VPOS="664" HPOS="667"/>
            <String HEIGHT="64" WIDTH="229" VPOS="664" HPOS="633" CONTENT="timpanisé" ID="r1l45_8" STYLEREFS="FONT2"/>
            <SP HEIGHT="64" WIDTH="11" VPOS="664" HPOS="862"/>
            <String HEIGHT="64" WIDTH="92" VPOS="664" HPOS="827" CONTENT="dans" ID="r1l45_9" STYLEREFS="FONT0"/>
            <SP HEIGHT="64" WIDTH="11" VPOS="664" HPOS="919"/>
            <String HEIGHT="64" WIDTH="69" VPOS="664" HPOS="885" CONTENT="la" ID="r1l45_10" STYLEREFS="FONT0"/>
            <SP HEIGHT="64" WIDTH="11" VPOS="664" HPOS="954"/>
            <String HEIGHT="64" WIDTH="183" VPOS="664" HPOS="908" CONTENT="Gazette" ID="r1l45_11" STYLEREFS="FONT2"/>
          </TextLine>
          <TextLine ID="r1l46" BASELINE="761" HEIGHT="56" WIDTH="953" VPOS="705" HPOS="136">
            <String HEIGHT="56" WIDTH="111" VPOS="705" HPOS="124" CONTENT="le" ID="r1l46_1" STYLEREFS="FONT2"/>
            <SP HEIGHT="56" WIDTH="12" VPOS="705" HPOS="235"/>
            <String HEIGHT="56" WIDTH="161" VPOS="705" HPOS="198" CONTENT="Berne" ID="r1l46_2" STYLEREFS="FONT2"/>
            <SP HEIGHT="56" WIDTH="12" VPOS="705" HPOS="359"/>
            <String HEIGHT="56" WIDTH="111" VPOS="705" HPOS="322" CONTENT="d’une" ID="r1l46_3" STYLEREFS="FONT0"/>
            <SP HEIGHT="56" WIDTH="12" VPOS="705" HPOS="433"/>
            <String HEIGHT="56" WIDTH="136" VPOS="705" HPOS="396" CONTENT="manière" ID="r1l46_4" STYLEREFS="FONT0"/>
            <SP HEIGHT="56" WIDTH="12" VPOS="705" HPOS="532"/>
            <String HEIGHT="56" WIDTH="74" VPOS="705" HPOS="495" CONTENT="si" ID="r1l46_5" STYLEREFS="FONT0"/>
            <SP HEIGHT="56" WIDTH="12" VPOS="705" HPOS="569"/>
            <String HEIGHT="56" WIDTH="173" VPOS="705" HPOS="532" CONTENT="indécente;" ID="r1l46_6" STYLEREFS="FONT0"/>
            <SP HEIGHT="56" WIDTH="12" VPOS="705" HPOS="705"/>
            <String HEIGHT="56" WIDTH="87" VPOS="705" HPOS="668" CONTENT="car" ID="r1l46_7" STYLEREFS="FONT0"/>
            <SP HEIGHT="56" WIDTH="12" VPOS="705" HPOS="755"/>
            <String HEIGHT="56" WIDTH="87" VPOS="705" HPOS="718" CONTENT="les" ID="r1l46_8" STYLEREFS="FONT0"/>
            <SP HEIGHT="56" WIDTH="12" VPOS="705" HPOS="804"/>
            <String HEIGHT="56" WIDTH="149" VPOS="705" HPOS="767" CONTENT="affaires" ID="r1l46_9" STYLEREFS="FONT0"/>
            <SP HEIGHT="56" WIDTH="12" VPOS="705" HPOS="916"/>
            <String HEIGHT="56" WIDTH="87" VPOS="705" HPOS="879" CONTENT="des" ID="r1l46_10" STYLEREFS="FONT0"/>
            <SP HEIGHT="56" WIDTH="12" VPOS="705" HPOS="965"/>
            <String HEIGHT="56" WIDTH="173" VPOS="705" HPOS="916" CONTENT="particuliers" ID="r1l46_11" STYLEREFS="FONT0"/>
          </TextLine>
          <TextLine ID="r1l47" BASELINE="808" HEIGHT="68" WIDTH="953" VPOS="740" HPOS="140">
            <String HEIGHT="68" WIDTH="69" VPOS="740" HPOS="126" CONTENT="e" ID="r1l47_1" STYLEREFS="FONT0"/>
            <SP HEIGHT="68" WIDTH="14" VPOS="740" HPOS="195"/>
            <String HEIGHT="68" WIDTH="152" VPOS="740" HPOS="154" CONTENT="doivent" ID="r1l47_2" STYLEREFS="FONT0"/>
            <SP HEIGHT="68" WIDTH="14" VPOS="740" HPOS="306"/>
            <String HEIGHT="68" WIDTH="124" VPOS="740" HPOS="264" CONTENT="point" ID="r1l47_3" STYLEREFS="FONT0"/>
            <SP HEIGHT="68" WIDTH="14" VPOS="740" HPOS="389"/>
            <String HEIGHT="68" WIDTH="110" VPOS="740" HPOS="347" CONTENT="être" ID="r1l47_4" STYLEREFS="FONT0"/>
            <SP HEIGHT="68" WIDTH="14" VPOS="740" HPOS="458"/>
            <String HEIGHT="68" WIDTH="124" VPOS="740" HPOS="416" CONTENT="ainsi" ID="r1l47_5" STYLEREFS="FONT0"/>
            <SP HEIGHT="68" WIDTH="14" VPOS="740" HPOS="541"/>
            <String HEIGHT="68" WIDTH="207" VPOS="740" HPOS="499" CONTENT="prostituées" ID="r1l47_6" STYLEREFS="FONT0"/>
            <SP HEIGHT="68" WIDTH="14" VPOS="740" HPOS="706"/>
            <String HEIGHT="68" WIDTH="83" VPOS="740" HPOS="665" CONTENT="au" ID="r1l47_7" STYLEREFS="FONT0"/>
            <SP HEIGHT="68" WIDTH="14" VPOS="740" HPOS="748"/>
            <String HEIGHT="68" WIDTH="152" VPOS="740" HPOS="706" CONTENT="public;" ID="r1l47_8" STYLEREFS="FONT0"/>
            <SP HEIGHT="68" WIDTH="14" VPOS="740" HPOS="858"/>
            <String HEIGHT="68" WIDTH="124" VPOS="740" HPOS="817" CONTENT="«mais" ID="r1l47_9" STYLEREFS="FONT0"/>
            <SP HEIGHT="68" WIDTH="14" VPOS="740" HPOS="941"/>
            <String HEIGHT="68" WIDTH="124" VPOS="740" HPOS="900" CONTENT="après" ID="r1l47_10" STYLEREFS="FONT0"/>
            <SP HEIGHT="68" WIDTH="14" VPOS="740" HPOS="1024"/>
            <String HEIGHT="68" WIDTH="110" VPOS="740" HPOS="983" CONTENT="tout" ID="r1l47_11" STYLEREFS="FONT0"/>
            <SP HEIGHT="68" WIDTH="14" VPOS="740" HPOS="1093"/>
            <String HEIGHT="68" WIDTH="55" VPOS="740" HPOS="1038" CONTENT="ce" ID="r1l47_12" STYLEREFS="FONT0"/>
          </TextLine>
          <TextLine ID="r1l49" BASELINE="827" HEIGHT="45" WIDTH="801" VPOS="782" HPOS="133">
            <String HEIGHT="45" WIDTH="69" VPOS="782" HPOS="119" CONTENT="n" ID="r1l49_1" STYLEREFS="FONT0"/>
            <SP HEIGHT="45" WIDTH="14" VPOS="782" HPOS="188"/>
            <String HEIGHT="45" WIDTH="97" VPOS="782" HPOS="147" CONTENT="est" ID="r1l49_2" STYLEREFS="FONT0"/>
            <SP HEIGHT="45" WIDTH="14" VPOS="782" HPOS="243"/>
            <String HEIGHT="45" WIDTH="138" VPOS="782" HPOS="202" CONTENT="qu’une" ID="r1l49_3" STYLEREFS="FONT0"/>
            <SP HEIGHT="45" WIDTH="14" VPOS="782" HPOS="340"/>
            <String HEIGHT="45" WIDTH="180" VPOS="782" HPOS="299" CONTENT="bagatelle" ID="r1l49_4" STYLEREFS="FONT0"/>
            <SP HEIGHT="45" WIDTH="14" VPOS="782" HPOS="478"/>
            <String HEIGHT="45" WIDTH="97" VPOS="782" HPOS="437" CONTENT="qui" ID="r1l49_5" STYLEREFS="FONT0"/>
            <SP HEIGHT="45" WIDTH="14" VPOS="782" HPOS="534"/>
            <String HEIGHT="45" WIDTH="124" VPOS="782" HPOS="492" CONTENT="n'est" ID="r1l49_6" STYLEREFS="FONT0"/>
            <SP HEIGHT="45" WIDTH="14" VPOS="782" HPOS="616"/>
            <String HEIGHT="45" WIDTH="124" VPOS="782" HPOS="575" CONTENT="bonne" ID="r1l49_7" STYLEREFS="FONT0"/>
            <SP HEIGHT="45" WIDTH="14" VPOS="782" HPOS="699"/>
            <String HEIGHT="45" WIDTH="110" VPOS="782" HPOS="658" CONTENT="qu’à" ID="r1l49_8" STYLEREFS="FONT0"/>
            <SP HEIGHT="45" WIDTH="14" VPOS="782" HPOS="768"/>
            <String HEIGHT="45" WIDTH="110" VPOS="782" HPOS="727" CONTENT="être" ID="r1l49_9" STYLEREFS="FONT0"/>
            <SP HEIGHT="45" WIDTH="14" VPOS="782" HPOS="837"/>
            <String HEIGHT="45" WIDTH="152" VPOS="782" HPOS="782" CONTENT="oubliée.»" ID="r1l49_10" STYLEREFS="FONT0"/>
          </TextLine>
          <TextLine ID="r1l51" BASELINE="867" HEIGHT="45" WIDTH="521" VPOS="822" HPOS="134">
            <String HEIGHT="45" WIDTH="57" VPOS="822" HPOS="128" CONTENT="19958" ID="r1l51_1" STYLEREFS="FONT0"/>
            <SP HEIGHT="45" WIDTH="6" VPOS="822" HPOS="185"/>
            <String HEIGHT="45" WIDTH="76" VPOS="822" HPOS="166" CONTENT="WAGNIÈRE" ID="r1l51_2" STYLEREFS="FONT0"/>
            <SP HEIGHT="45" WIDTH="6" VPOS="822" HPOS="242"/>
            <String HEIGHT="45" WIDTH="44" VPOS="822" HPOS="223" CONTENT="(J." ID="r1l51_3" STYLEREFS="FONT0"/>
            <SP HEIGHT="45" WIDTH="6" VPOS="822" HPOS="267"/>
            <String HEIGHT="45" WIDTH="51" VPOS="822" HPOS="248" CONTENT="L.)," ID="r1l51_4" STYLEREFS="FONT0"/>
            <SP HEIGHT="45" WIDTH="6" VPOS="822" HPOS="299"/>
            <String HEIGHT="45" WIDTH="70" VPOS="822" HPOS="280" CONTENT="dernier" ID="r1l51_5" STYLEREFS="FONT0"/>
            <SP HEIGHT="45" WIDTH="6" VPOS="822" HPOS="350"/>
            <String HEIGHT="45" WIDTH="89" VPOS="822" HPOS="331" CONTENT="secrétaire" ID="r1l51_6" STYLEREFS="FONT0"/>
            <SP HEIGHT="45" WIDTH="6" VPOS="822" HPOS="420"/>
            <String HEIGHT="45" WIDTH="38" VPOS="822" HPOS="401" CONTENT="et" ID="r1l51_7" STYLEREFS="FONT0"/>
            <SP HEIGHT="45" WIDTH="6" VPOS="822" HPOS="439"/>
            <String HEIGHT="45" WIDTH="83" VPOS="822" HPOS="420" CONTENT="historien" ID="r1l51_8" STYLEREFS="FONT0"/>
            <SP HEIGHT="45" WIDTH="6" VPOS="822" HPOS="503"/>
            <String HEIGHT="45" WIDTH="38" VPOS="822" HPOS="483" CONTENT="de" ID="r1l51_9" STYLEREFS="FONT0"/>
            <SP HEIGHT="45" WIDTH="6" VPOS="822" HPOS="522"/>
            <String HEIGHT="45" WIDTH="83" VPOS="822" HPOS="503" CONTENT="Voltaire." ID="r1l51_10" STYLEREFS="FONT0"/>
            <SP HEIGHT="45" WIDTH="6" VPOS="822" HPOS="585"/>
            <String HEIGHT="45" WIDTH="57" VPOS="822" HPOS="566" CONTENT="L." ID="r1l51_11" STYLEREFS="FONT2"/>
            <SP HEIGHT="45" WIDTH="6" VPOS="822" HPOS="623"/>
            <String HEIGHT="45" WIDTH="57" VPOS="822" HPOS="598" CONTENT="a." ID="r1l51_12" STYLEREFS="FONT2"/>
          </TextLine>
          <TextLine ID="r1l55" BASELINE="911" HEIGHT="62" WIDTH="810" VPOS="849" HPOS="134">
            <String HEIGHT="62" WIDTH="150" VPOS="849" HPOS="122" CONTENT="s." ID="r1l55_1" STYLEREFS="FONT2"/>
            <SP HEIGHT="62" WIDTH="12" VPOS="849" HPOS="273"/>
            <String HEIGHT="62" WIDTH="58" VPOS="849" HPOS="238" CONTENT="à" ID="r1l55_2" STYLEREFS="FONT0"/>
            <SP HEIGHT="62" WIDTH="12" VPOS="849" HPOS="296"/>
            <String HEIGHT="62" WIDTH="81" VPOS="849" HPOS="261" CONTENT="Mme" ID="r1l55_3" STYLEREFS="FONT0"/>
            <SP HEIGHT="62" WIDTH="12" VPOS="849" HPOS="342"/>
            <String HEIGHT="62" WIDTH="69" VPOS="849" HPOS="308" CONTENT="de" ID="r1l55_4" STYLEREFS="FONT0"/>
            <SP HEIGHT="62" WIDTH="12" VPOS="849" HPOS="377"/>
            <String HEIGHT="62" WIDTH="197" VPOS="849" HPOS="342" CONTENT="Saint-Julien;" ID="r1l55_5" STYLEREFS="FONT0"/>
            <SP HEIGHT="62" WIDTH="12" VPOS="849" HPOS="539"/>
            <String HEIGHT="62" WIDTH="127" VPOS="849" HPOS="504" CONTENT="Ferney," ID="r1l55_6" STYLEREFS="FONT0"/>
            <SP HEIGHT="62" WIDTH="12" VPOS="849" HPOS="632"/>
            <String HEIGHT="62" WIDTH="69" VPOS="849" HPOS="597" CONTENT="12" ID="r1l55_7" STYLEREFS="FONT0"/>
            <SP HEIGHT="62" WIDTH="12" VPOS="849" HPOS="666"/>
            <String HEIGHT="62" WIDTH="93" VPOS="849" HPOS="632" CONTENT="déc." ID="r1l55_8" STYLEREFS="FONT0"/>
            <SP HEIGHT="62" WIDTH="12" VPOS="849" HPOS="724"/>
            <String HEIGHT="62" WIDTH="104" VPOS="849" HPOS="689" CONTENT="1775," ID="r1l55_9" STYLEREFS="FONT0"/>
            <SP HEIGHT="62" WIDTH="12" VPOS="849" HPOS="794"/>
            <String HEIGHT="62" WIDTH="58" VPOS="849" HPOS="759" CONTENT="2" ID="r1l55_10" STYLEREFS="FONT0"/>
            <SP HEIGHT="62" WIDTH="12" VPOS="849" HPOS="817"/>
            <String HEIGHT="62" WIDTH="69" VPOS="849" HPOS="782" CONTENT="p." ID="r1l55_11" STYLEREFS="FONT0"/>
            <SP HEIGHT="62" WIDTH="12" VPOS="849" HPOS="851"/>
            <String HEIGHT="62" WIDTH="104" VPOS="849" HPOS="817" CONTENT="in-4." ID="r1l55_12" STYLEREFS="FONT0"/>
            <SP HEIGHT="62" WIDTH="12" VPOS="849" HPOS="921"/>
            <String HEIGHT="62" WIDTH="58" VPOS="849" HPOS="886" CONTENT="4" ID="r1l55_13" STYLEREFS="FONT0"/>
            <SP HEIGHT="62" WIDTH="12" VPOS="849" HPOS="944"/>
            <String HEIGHT="62" WIDTH="46" VPOS="849" HPOS="898" CONTENT="50" ID="r1l55_14" STYLEREFS="FONT0"/>
          </TextLine>
          <TextLine ID="r1l56" BASELINE="939" HEIGHT="61" WIDTH="917" VPOS="878" HPOS="174">
            <String HEIGHT="61" WIDTH="116" VPOS="878" HPOS="161" CONTENT="oyant" ID="r1l56_1" STYLEREFS="FONT0"/>
            <SP HEIGHT="61" WIDTH="13" VPOS="878" HPOS="277"/>
            <String HEIGHT="61" WIDTH="90" VPOS="878" HPOS="239" CONTENT="que" ID="r1l56_2" STYLEREFS="FONT0"/>
            <SP HEIGHT="61" WIDTH="13" VPOS="878" HPOS="329"/>
            <String HEIGHT="61" WIDTH="77" VPOS="878" HPOS="290" CONTENT="le" ID="r1l56_3" STYLEREFS="FONT0"/>
            <SP HEIGHT="61" WIDTH="13" VPOS="878" HPOS="368"/>
            <String HEIGHT="61" WIDTH="129" VPOS="878" HPOS="329" CONTENT="bon" ID="r1l56_4" STYLEREFS="FONT2"/>
            <SP HEIGHT="61" WIDTH="13" VPOS="878" HPOS="458"/>
            <String HEIGHT="61" WIDTH="181" VPOS="878" HPOS="419" CONTENT="patron" ID="r1l56_5" STYLEREFS="FONT2"/>
            <SP HEIGHT="61" WIDTH="13" VPOS="878" HPOS="600"/>
            <String HEIGHT="61" WIDTH="90" VPOS="878" HPOS="561" CONTENT="est" ID="r1l56_6" STYLEREFS="FONT0"/>
            <SP HEIGHT="61" WIDTH="13" VPOS="878" HPOS="652"/>
            <String HEIGHT="61" WIDTH="155" VPOS="878" HPOS="613" CONTENT="fatigué," ID="r1l56_7" STYLEREFS="FONT0"/>
            <SP HEIGHT="61" WIDTH="13" VPOS="878" HPOS="768"/>
            <String HEIGHT="61" WIDTH="142" VPOS="878" HPOS="729" CONTENT="quoique" ID="r1l56_8" STYLEREFS="FONT0"/>
            <SP HEIGHT="61" WIDTH="13" VPOS="878" HPOS="871"/>
            <String HEIGHT="61" WIDTH="103" VPOS="878" HPOS="833" CONTENT="fort" ID="r1l56_9" STYLEREFS="FONT0"/>
            <SP HEIGHT="61" WIDTH="13" VPOS="878" HPOS="936"/>
            <String HEIGHT="61" WIDTH="129" VPOS="878" HPOS="897" CONTENT="joyeux" ID="r1l56_10" STYLEREFS="FONT0"/>
            <SP HEIGHT="61" WIDTH="13" VPOS="878" HPOS="1026"/>
            <String HEIGHT="61" WIDTH="116" VPOS="878" HPOS="975" CONTENT="aujour" SUBS_TYPE="HypPart1" SUBS_CONTENT="aujourd’hui," ID="r1l56_11" STYLEREFS="FONT0"/>
            <HYP CONTENT="-"/>
          </TextLine>
          <TextLine ID="r1l57" BASELINE="969" HEIGHT="59" WIDTH="958" VPOS="910" HPOS="139">
            <String HEIGHT="59" WIDTH="133" VPOS="910" HPOS="126" CONTENT="d’hui," SUBS_TYPE="HypPart2" SUBS_CONTENT="aujourd’hui," ID="r1l57_1" STYLEREFS="FONT0"/>
            <SP HEIGHT="59" WIDTH="13" VPOS="910" HPOS="259"/>
            <String HEIGHT="59" WIDTH="80" VPOS="910" HPOS="219" CONTENT="le" ID="r1l57_2" STYLEREFS="FONT0"/>
            <SP HEIGHT="59" WIDTH="13" VPOS="910" HPOS="299"/>
            <String HEIGHT="59" WIDTH="160" VPOS="910" HPOS="259" CONTENT="petit" ID="r1l57_3" STYLEREFS="FONT2"/>
            <SP HEIGHT="59" WIDTH="13" VPOS="910" HPOS="418"/>
            <String HEIGHT="59" WIDTH="186" VPOS="910" HPOS="378" CONTENT="Suisse" ID="r1l57_4" STYLEREFS="FONT2"/>
            <SP HEIGHT="59" WIDTH="13" VPOS="910" HPOS="565"/>
            <String HEIGHT="59" WIDTH="120" VPOS="910" HPOS="525" CONTENT="prend" ID="r1l57_5" STYLEREFS="FONT0"/>
            <SP HEIGHT="59" WIDTH="13" VPOS="910" HPOS="645"/>
            <String HEIGHT="59" WIDTH="80" VPOS="910" HPOS="605" CONTENT="la" ID="r1l57_6" STYLEREFS="FONT0"/>
            <SP HEIGHT="59" WIDTH="13" VPOS="910" HPOS="685"/>
            <String HEIGHT="59" WIDTH="120" VPOS="910" HPOS="645" CONTENT="plume" ID="r1l57_7" STYLEREFS="FONT0"/>
            <SP HEIGHT="59" WIDTH="13" VPOS="910" HPOS="764"/>
            <String HEIGHT="59" WIDTH="106" VPOS="910" HPOS="724" CONTENT="pour" ID="r1l57_8" STYLEREFS="FONT0"/>
            <SP HEIGHT="59" WIDTH="13" VPOS="910" HPOS="831"/>
            <String HEIGHT="59" WIDTH="160" VPOS="910" HPOS="791" CONTENT="informer" ID="r1l57_9" STYLEREFS="FONT0"/>
            <SP HEIGHT="59" WIDTH="13" VPOS="910" HPOS="951"/>
            <String HEIGHT="59" WIDTH="93" VPOS="910" HPOS="911" CONTENT="Mme" ID="r1l57_10" STYLEREFS="FONT0"/>
            <SP HEIGHT="59" WIDTH="13" VPOS="910" HPOS="1004"/>
            <String HEIGHT="59" WIDTH="80" VPOS="910" HPOS="964" CONTENT="de" ID="r1l57_11" STYLEREFS="FONT0"/>
            <SP HEIGHT="59" WIDTH="13" VPOS="910" HPOS="1044"/>
            <String HEIGHT="59" WIDTH="106" VPOS="910" HPOS="991" CONTENT="Saint" SUBS_TYPE="HypPart1" SUBS_CONTENT="SaintJulien" ID="r1l57_12" STYLEREFS="FONT0"/>
            <HYP CONTENT="-"/>
          </TextLine>
          <TextLine ID="r1l58" BASELINE="1004" HEIGHT="54" WIDTH="960" VPOS="950" HPOS="135">
            <String HEIGHT="54" WIDTH="135" VPOS="950" HPOS="121" CONTENT="Julien" SUBS_TYPE="HypPart2" SUBS_CONTENT="SaintJulien" ID="r1l58_1" STYLEREFS="FONT0"/>
            <SP HEIGHT="54" WIDTH="14" VPOS="950" HPOS="257"/>
            <String HEIGHT="54" WIDTH="95" VPOS="950" HPOS="216" CONTENT="que" ID="r1l58_2" STYLEREFS="FONT0"/>
            <SP HEIGHT="54" WIDTH="14" VPOS="950" HPOS="311"/>
            <String HEIGHT="54" WIDTH="95" VPOS="950" HPOS="270" CONTENT="les" ID="r1l58_3" STYLEREFS="FONT0"/>
            <SP HEIGHT="54" WIDTH="14" VPOS="950" HPOS="365"/>
            <String HEIGHT="54" WIDTH="122" VPOS="950" HPOS="324" CONTENT="États" ID="r1l58_4" STYLEREFS="FONT0"/>
            <SP HEIGHT="54" WIDTH="14" VPOS="950" HPOS="446"/>
            <String HEIGHT="54" WIDTH="81" VPOS="950" HPOS="405" CONTENT="se" ID="r1l58_5" STYLEREFS="FONT0"/>
            <SP HEIGHT="54" WIDTH="14" VPOS="950" HPOS="487"/>
            <String HEIGHT="54" WIDTH="108" VPOS="950" HPOS="446" CONTENT="sont" ID="r1l58_6" STYLEREFS="FONT0"/>
            <SP HEIGHT="54" WIDTH="14" VPOS="950" HPOS="554"/>
            <String HEIGHT="54" WIDTH="176" VPOS="950" HPOS="514" CONTENT="assemblés" ID="r1l58_7" STYLEREFS="FONT0"/>
            <SP HEIGHT="54" WIDTH="14" VPOS="950" HPOS="689"/>
            <String HEIGHT="54" WIDTH="68" VPOS="950" HPOS="649" CONTENT="à" ID="r1l58_8" STYLEREFS="FONT0"/>
            <SP HEIGHT="54" WIDTH="14" VPOS="950" HPOS="716"/>
            <String HEIGHT="54" WIDTH="95" VPOS="950" HPOS="676" CONTENT="Gex" ID="r1l58_9" STYLEREFS="FONT0"/>
            <SP HEIGHT="54" WIDTH="14" VPOS="950" HPOS="770"/>
            <String HEIGHT="54" WIDTH="81" VPOS="950" HPOS="730" CONTENT="et" ID="r1l58_10" STYLEREFS="FONT0"/>
            <SP HEIGHT="54" WIDTH="14" VPOS="950" HPOS="811"/>
            <String HEIGHT="54" WIDTH="122" VPOS="950" HPOS="770" CONTENT="qu’on" ID="r1l58_11" STYLEREFS="FONT0"/>
            <SP HEIGHT="54" WIDTH="14" VPOS="950" HPOS="892"/>
            <String HEIGHT="54" WIDTH="68" VPOS="950" HPOS="852" CONTENT="a" ID="r1l58_12" STYLEREFS="FONT0"/>
            <SP HEIGHT="54" WIDTH="14" VPOS="950" HPOS="919"/>
            <String HEIGHT="54" WIDTH="122" VPOS="950" HPOS="879" CONTENT="signé" ID="r1l58_13" STYLEREFS="FONT0"/>
            <SP HEIGHT="54" WIDTH="14" VPOS="950" HPOS="1000"/>
            <String HEIGHT="54" WIDTH="95" VPOS="950" HPOS="960" CONTENT="les" ID="r1l58_14" STYLEREFS="FONT0"/>
            <SP HEIGHT="54" WIDTH="14" VPOS="950" HPOS="1054"/>
            <String HEIGHT="54" WIDTH="95" VPOS="950" HPOS="1000" CONTENT="fran" SUBS_TYPE="HypPart1" SUBS_CONTENT="franchises" ID="r1l58_15" STYLEREFS="FONT0"/>
            <HYP CONTENT="-"/>
          </TextLine>
          <TextLine ID="r1l62" BASELINE="1036" HEIGHT="40" WIDTH="442" VPOS="996" HPOS="134">
            <String HEIGHT="40" WIDTH="138" VPOS="996" HPOS="120" CONTENT="chises" SUBS_TYPE="HypPart2" SUBS_CONTENT="franchises" ID="r1l62_1" STYLEREFS="FONT0"/>
            <SP HEIGHT="40" WIDTH="14" VPOS="996" HPOS="258"/>
            <String HEIGHT="40" WIDTH="83" VPOS="996" HPOS="217" CONTENT="du" ID="r1l62_2" STYLEREFS="FONT0"/>
            <SP HEIGHT="40" WIDTH="14" VPOS="996" HPOS="300"/>
            <String HEIGHT="40" WIDTH="124" VPOS="996" HPOS="258" CONTENT="pays." ID="r1l62_3" STYLEREFS="FONT0"/>
            <SP HEIGHT="40" WIDTH="14" VPOS="996" HPOS="383"/>
            <String HEIGHT="40" WIDTH="152" VPOS="996" HPOS="341" CONTENT="Curieux" ID="r1l62_4" STYLEREFS="FONT0"/>
            <SP HEIGHT="40" WIDTH="14" VPOS="996" HPOS="493"/>
            <String HEIGHT="40" WIDTH="138" VPOS="996" HPOS="438" CONTENT="détails." ID="r1l62_5" STYLEREFS="FONT0"/>
          </TextLine>
          <TextLine ID="r1l63" BASELINE="1068" HEIGHT="65" WIDTH="956" VPOS="1003" HPOS="141">
            <String HEIGHT="65" WIDTH="109" VPOS="1003" HPOS="129" CONTENT="19959" ID="r1l63_1" STYLEREFS="FONT0"/>
            <SP HEIGHT="65" WIDTH="12" VPOS="1003" HPOS="238"/>
            <String HEIGHT="65" WIDTH="169" VPOS="1003" HPOS="202" CONTENT="WELLINGTON" ID="r1l63_2" STYLEREFS="FONT0"/>
            <SP HEIGHT="65" WIDTH="12" VPOS="1003" HPOS="371"/>
            <String HEIGHT="65" WIDTH="85" VPOS="1003" HPOS="335" CONTENT="(le" ID="r1l63_3" STYLEREFS="FONT0"/>
            <SP HEIGHT="65" WIDTH="12" VPOS="1003" HPOS="419"/>
            <String HEIGHT="65" WIDTH="85" VPOS="1003" HPOS="383" CONTENT="duc" ID="r1l63_4" STYLEREFS="FONT0"/>
            <SP HEIGHT="65" WIDTH="12" VPOS="1003" HPOS="468"/>
            <String HEIGHT="65" WIDTH="97" VPOS="1003" HPOS="431" CONTENT="de)," ID="r1l63_5" STYLEREFS="FONT0"/>
            <SP HEIGHT="65" WIDTH="12" VPOS="1003" HPOS="528"/>
            <String HEIGHT="65" WIDTH="206" VPOS="1003" HPOS="492" CONTENT="généralissime" ID="r1l63_6" STYLEREFS="FONT0"/>
            <SP HEIGHT="65" WIDTH="12" VPOS="1003" HPOS="698"/>
            <String HEIGHT="65" WIDTH="85" VPOS="1003" HPOS="661" CONTENT="des" ID="r1l63_7" STYLEREFS="FONT0"/>
            <SP HEIGHT="65" WIDTH="12" VPOS="1003" HPOS="746"/>
            <String HEIGHT="65" WIDTH="133" VPOS="1003" HPOS="710" CONTENT="troupes" ID="r1l63_8" STYLEREFS="FONT0"/>
            <SP HEIGHT="65" WIDTH="12" VPOS="1003" HPOS="843"/>
            <String HEIGHT="65" WIDTH="169" VPOS="1003" HPOS="807" CONTENT="anglaises." ID="r1l63_9" STYLEREFS="FONT0"/>
            <SP HEIGHT="65" WIDTH="12" VPOS="1003" HPOS="976"/>
            <String HEIGHT="65" WIDTH="109" VPOS="1003" HPOS="940" CONTENT="L." ID="r1l63_10" STYLEREFS="FONT2"/>
            <SP HEIGHT="65" WIDTH="12" VPOS="1003" HPOS="1049"/>
            <String HEIGHT="65" WIDTH="97" VPOS="1003" HPOS="1000" CONTENT="a" ID="r1l63_11" STYLEREFS="FONT2"/>
          </TextLine>
          <TextLine ID="r1l66" BASELINE="1118" HEIGHT="68" WIDTH="868" VPOS="1050" HPOS="139">
            <String HEIGHT="68" WIDTH="160" VPOS="1050" HPOS="128" CONTENT="s." ID="r1l66_1" STYLEREFS="FONT2"/>
            <SP HEIGHT="68" WIDTH="11" VPOS="1050" HPOS="287"/>
            <String HEIGHT="68" WIDTH="69" VPOS="1050" HPOS="253" CONTENT="en" ID="r1l66_2" STYLEREFS="FONT0"/>
            <SP HEIGHT="68" WIDTH="11" VPOS="1050" HPOS="322"/>
            <String HEIGHT="68" WIDTH="148" VPOS="1050" HPOS="287" CONTENT="français," ID="r1l66_3" STYLEREFS="FONT0"/>
            <SP HEIGHT="68" WIDTH="11" VPOS="1050" HPOS="436"/>
            <String HEIGHT="68" WIDTH="69" VPOS="1050" HPOS="402" CONTENT="au" ID="r1l66_4" STYLEREFS="FONT0"/>
            <SP HEIGHT="68" WIDTH="11" VPOS="1050" HPOS="470"/>
            <String HEIGHT="68" WIDTH="80" VPOS="1050" HPOS="436" CONTENT="duc" ID="r1l66_5" STYLEREFS="FONT0"/>
            <SP HEIGHT="68" WIDTH="11" VPOS="1050" HPOS="516"/>
            <String HEIGHT="68" WIDTH="69" VPOS="1050" HPOS="482" CONTENT="de" ID="r1l66_6" STYLEREFS="FONT0"/>
            <SP HEIGHT="68" WIDTH="11" VPOS="1050" HPOS="550"/>
            <String HEIGHT="68" WIDTH="160" VPOS="1050" HPOS="516" CONTENT="Richelieu;" ID="r1l66_7" STYLEREFS="FONT0"/>
            <SP HEIGHT="68" WIDTH="11" VPOS="1050" HPOS="676"/>
            <String HEIGHT="68" WIDTH="137" VPOS="1050" HPOS="642" CONTENT="Londres," ID="r1l66_8" STYLEREFS="FONT0"/>
            <SP HEIGHT="68" WIDTH="11" VPOS="1050" HPOS="779"/>
            <String HEIGHT="68" WIDTH="69" VPOS="1050" HPOS="744" CONTENT="28" ID="r1l66_9" STYLEREFS="FONT0"/>
            <SP HEIGHT="68" WIDTH="11" VPOS="1050" HPOS="813"/>
            <String HEIGHT="68" WIDTH="91" VPOS="1050" HPOS="779" CONTENT="oct." ID="r1l66_10" STYLEREFS="FONT0"/>
            <SP HEIGHT="68" WIDTH="11" VPOS="1050" HPOS="870"/>
            <String HEIGHT="68" WIDTH="103" VPOS="1050" HPOS="836" CONTENT="1818," ID="r1l66_11" STYLEREFS="FONT0"/>
            <SP HEIGHT="68" WIDTH="11" VPOS="1050" HPOS="938"/>
            <String HEIGHT="68" WIDTH="57" VPOS="1050" HPOS="904" CONTENT="1" ID="r1l66_12" STYLEREFS="FONT0"/>
            <SP HEIGHT="68" WIDTH="11" VPOS="1050" HPOS="961"/>
            <String HEIGHT="68" WIDTH="69" VPOS="1050" HPOS="927" CONTENT="p." ID="r1l66_13" STYLEREFS="FONT0"/>
            <SP HEIGHT="68" WIDTH="11" VPOS="1050" HPOS="996"/>
            <String HEIGHT="68" WIDTH="57" VPOS="1050" HPOS="950" CONTENT="1/4" ID="r1l66_14" STYLEREFS="FONT0"/>
          </TextLine>
          <TextLine ID="r1l69" BASELINE="1143" HEIGHT="44" WIDTH="73" VPOS="1099" HPOS="134">
            <String HEIGHT="44" WIDTH="66" VPOS="1099" HPOS="127" CONTENT="in-4." ID="r1l69_1" STYLEREFS="FONT0"/>
            <SP HEIGHT="44" WIDTH="7" VPOS="1099" HPOS="192"/>
            <String HEIGHT="44" WIDTH="44" VPOS="1099" HPOS="171" CONTENT="22" ID="r1l69_2" STYLEREFS="FONT0"/>
            <SP HEIGHT="44" WIDTH="7" VPOS="1099" HPOS="214"/>
            <String HEIGHT="44" WIDTH="22" VPOS="1099" HPOS="185" CONTENT="»" ID="r1l69_3" STYLEREFS="FONT0"/>
          </TextLine>
          <TextLine ID="r1l70" BASELINE="1172" HEIGHT="72" WIDTH="931" VPOS="1100" HPOS="174">
            <String HEIGHT="72" WIDTH="175" VPOS="1100" HPOS="159" CONTENT="Curieuse" ID="r1l70_1" STYLEREFS="FONT0"/>
            <SP HEIGHT="72" WIDTH="15" VPOS="1100" HPOS="334"/>
            <String HEIGHT="72" WIDTH="87" VPOS="1100" HPOS="290" CONTENT="et" ID="r1l70_2" STYLEREFS="FONT0"/>
            <SP HEIGHT="72" WIDTH="15" VPOS="1100" HPOS="378"/>
            <String HEIGHT="72" WIDTH="204" VPOS="1100" HPOS="334" CONTENT="importante" ID="r1l70_3" STYLEREFS="FONT0"/>
            <SP HEIGHT="72" WIDTH="15" VPOS="1100" HPOS="538"/>
            <String HEIGHT="72" WIDTH="160" VPOS="1100" HPOS="494" CONTENT="lettre," ID="r1l70_4" STYLEREFS="FONT0"/>
            <SP HEIGHT="72" WIDTH="15" VPOS="1100" HPOS="654"/>
            <String HEIGHT="72" WIDTH="87" VPOS="1100" HPOS="610" CONTENT="où" ID="r1l70_5" STYLEREFS="FONT0"/>
            <SP HEIGHT="72" WIDTH="15" VPOS="1100" HPOS="698"/>
            <String HEIGHT="72" WIDTH="87" VPOS="1100" HPOS="654" CONTENT="il" ID="r1l70_6" STYLEREFS="FONT0"/>
            <SP HEIGHT="72" WIDTH="15" VPOS="1100" HPOS="741"/>
            <String HEIGHT="72" WIDTH="145" VPOS="1100" HPOS="698" CONTENT="répond" ID="r1l70_7" STYLEREFS="FONT0"/>
            <SP HEIGHT="72" WIDTH="15" VPOS="1100" HPOS="843"/>
            <String HEIGHT="72" WIDTH="87" VPOS="1100" HPOS="800" CONTENT="au" ID="r1l70_8" STYLEREFS="FONT0"/>
            <SP HEIGHT="72" WIDTH="15" VPOS="1100" HPOS="887"/>
            <String HEIGHT="72" WIDTH="102" VPOS="1100" HPOS="843" CONTENT="duc" ID="r1l70_9" STYLEREFS="FONT0"/>
            <SP HEIGHT="72" WIDTH="15" VPOS="1100" HPOS="945"/>
            <String HEIGHT="72" WIDTH="102" VPOS="1100" HPOS="901" CONTENT="qui" ID="r1l70_10" STYLEREFS="FONT0"/>
            <SP HEIGHT="72" WIDTH="15" VPOS="1100" HPOS="1003"/>
            <String HEIGHT="72" WIDTH="102" VPOS="1100" HPOS="960" CONTENT="lui" ID="r1l70_11" STYLEREFS="FONT0"/>
            <SP HEIGHT="72" WIDTH="15" VPOS="1100" HPOS="1061"/>
            <String HEIGHT="72" WIDTH="102" VPOS="1100" HPOS="1003" CONTENT="avait" ID="r1l70_12" STYLEREFS="FONT0"/>
          </TextLine>
          <TextLine ID="r1l71" BASELINE="1206" HEIGHT="54" WIDTH="962" VPOS="1152" HPOS="136">
            <String HEIGHT="54" WIDTH="140" VPOS="1152" HPOS="120" CONTENT="écrit" ID="r1l71_1" STYLEREFS="FONT0"/>
            <SP HEIGHT="54" WIDTH="16" VPOS="1152" HPOS="260"/>
            <String HEIGHT="54" WIDTH="341" VPOS="1152" HPOS="214" CONTENT="«qu’indépendamment" ID="r1l71_2" STYLEREFS="FONT0"/>
            <SP HEIGHT="54" WIDTH="16" VPOS="1152" HPOS="555"/>
            <String HEIGHT="54" WIDTH="109" VPOS="1152" HPOS="508" CONTENT="des" ID="r1l71_3" STYLEREFS="FONT0"/>
            <SP HEIGHT="54" WIDTH="16" VPOS="1152" HPOS="617"/>
            <String HEIGHT="54" WIDTH="155" VPOS="1152" HPOS="570" CONTENT="moyens" ID="r1l71_4" STYLEREFS="FONT0"/>
            <SP HEIGHT="54" WIDTH="16" VPOS="1152" HPOS="726"/>
            <String HEIGHT="54" WIDTH="93" VPOS="1152" HPOS="679" CONTENT="de" ID="r1l71_5" STYLEREFS="FONT0"/>
            <SP HEIGHT="54" WIDTH="16" VPOS="1152" HPOS="772"/>
            <String HEIGHT="54" WIDTH="202" VPOS="1152" HPOS="726" CONTENT="transport" ID="r1l71_6" STYLEREFS="FONT0"/>
            <SP HEIGHT="54" WIDTH="16" VPOS="1152" HPOS="927"/>
            <String HEIGHT="54" WIDTH="109" VPOS="1152" HPOS="881" CONTENT="que" ID="r1l71_7" STYLEREFS="FONT0"/>
            <SP HEIGHT="54" WIDTH="16" VPOS="1152" HPOS="989"/>
            <String HEIGHT="54" WIDTH="93" VPOS="1152" HPOS="943" CONTENT="la" ID="r1l71_8" STYLEREFS="FONT0"/>
            <SP HEIGHT="54" WIDTH="16" VPOS="1152" HPOS="1036"/>
            <String HEIGHT="54" WIDTH="124" VPOS="1152" HPOS="974" CONTENT="France" ID="r1l71_9" STYLEREFS="FONT0"/>
          </TextLine>
          <TextLine ID="r1l72" BASELINE="1239" HEIGHT="54" WIDTH="961" VPOS="1185" HPOS="138">
            <String HEIGHT="54" WIDTH="125" VPOS="1185" HPOS="124" CONTENT="était" ID="r1l72_1" STYLEREFS="FONT0"/>
            <SP HEIGHT="54" WIDTH="14" VPOS="1185" HPOS="249"/>
            <String HEIGHT="54" WIDTH="125" VPOS="1185" HPOS="208" CONTENT="tenue" ID="r1l72_2" STYLEREFS="FONT0"/>
            <SP HEIGHT="54" WIDTH="14" VPOS="1185" HPOS="333"/>
            <String HEIGHT="54" WIDTH="84" VPOS="1185" HPOS="291" CONTENT="de" ID="r1l72_3" STYLEREFS="FONT0"/>
            <SP HEIGHT="54" WIDTH="14" VPOS="1185" HPOS="375"/>
            <String HEIGHT="54" WIDTH="153" VPOS="1185" HPOS="333" CONTENT="fournir" ID="r1l72_4" STYLEREFS="FONT0"/>
            <SP HEIGHT="54" WIDTH="14" VPOS="1185" HPOS="486"/>
            <String HEIGHT="54" WIDTH="70" VPOS="1185" HPOS="444" CONTENT="à" ID="r1l72_5" STYLEREFS="FONT0"/>
            <SP HEIGHT="54" WIDTH="14" VPOS="1185" HPOS="514"/>
            <String HEIGHT="54" WIDTH="153" VPOS="1185" HPOS="472" CONTENT="l’armée" ID="r1l72_6" STYLEREFS="FONT0"/>
            <SP HEIGHT="54" WIDTH="14" VPOS="1185" HPOS="625"/>
            <String HEIGHT="54" WIDTH="237" VPOS="1185" HPOS="584" CONTENT="d’occupation," ID="r1l72_7" STYLEREFS="FONT0"/>
            <SP HEIGHT="54" WIDTH="14" VPOS="1185" HPOS="820"/>
            <String HEIGHT="54" WIDTH="111" VPOS="1185" HPOS="779" CONTENT="elle" ID="r1l72_8" STYLEREFS="FONT0"/>
            <SP HEIGHT="54" WIDTH="14" VPOS="1185" HPOS="890"/>
            <String HEIGHT="54" WIDTH="84" VPOS="1185" HPOS="848" CONTENT="en" ID="r1l72_9" STYLEREFS="FONT0"/>
            <SP HEIGHT="54" WIDTH="14" VPOS="1185" HPOS="932"/>
            <String HEIGHT="54" WIDTH="70" VPOS="1185" HPOS="890" CONTENT="a" ID="r1l72_10" STYLEREFS="FONT0"/>
            <SP HEIGHT="54" WIDTH="14" VPOS="1185" HPOS="960"/>
            <String HEIGHT="54" WIDTH="139" VPOS="1185" HPOS="918" CONTENT="fourni" ID="r1l72_11" STYLEREFS="FONT0"/>
            <SP HEIGHT="54" WIDTH="14" VPOS="1185" HPOS="1057"/>
            <String HEIGHT="54" WIDTH="97" VPOS="1185" HPOS="1002" CONTENT="aussi" ID="r1l72_12" STYLEREFS="FONT0"/>
          </TextLine>
          <TextLine ID="r1l74" BASELINE="1275" HEIGHT="49" WIDTH="449" VPOS="1226" HPOS="143">
            <String HEIGHT="49" WIDTH="46" VPOS="1226" HPOS="136" CONTENT="qui" ID="r1l74_1" STYLEREFS="FONT0"/>
            <SP HEIGHT="49" WIDTH="7" VPOS="1226" HPOS="182"/>
            <String HEIGHT="49" WIDTH="39" VPOS="1226" HPOS="163" CONTENT="ne" ID="r1l74_2" STYLEREFS="FONT0"/>
            <SP HEIGHT="49" WIDTH="7" VPOS="1226" HPOS="202"/>
            <String HEIGHT="49" WIDTH="78" VPOS="1226" HPOS="182" CONTENT="devaient" ID="r1l74_3" STYLEREFS="FONT0"/>
            <SP HEIGHT="49" WIDTH="7" VPOS="1226" HPOS="260"/>
            <String HEIGHT="49" WIDTH="46" VPOS="1226" HPOS="241" CONTENT="pas" ID="r1l74_4" STYLEREFS="FONT0"/>
            <SP HEIGHT="49" WIDTH="7" VPOS="1226" HPOS="286"/>
            <String HEIGHT="49" WIDTH="65" VPOS="1226" HPOS="267" CONTENT="l’être" ID="r1l74_5" STYLEREFS="FONT0"/>
            <SP HEIGHT="49" WIDTH="7" VPOS="1226" HPOS="332"/>
            <String HEIGHT="49" WIDTH="33" VPOS="1226" HPOS="312" CONTENT="à" ID="r1l74_6" STYLEREFS="FONT0"/>
            <SP HEIGHT="49" WIDTH="7" VPOS="1226" HPOS="345"/>
            <String HEIGHT="49" WIDTH="39" VPOS="1226" HPOS="325" CONTENT="sa" ID="r1l74_7" STYLEREFS="FONT0"/>
            <SP HEIGHT="49" WIDTH="7" VPOS="1226" HPOS="364"/>
            <String HEIGHT="49" WIDTH="78" VPOS="1226" HPOS="345" CONTENT="charge.»" ID="r1l74_8" STYLEREFS="FONT0"/>
            <SP HEIGHT="49" WIDTH="7" VPOS="1226" HPOS="423"/>
            <String HEIGHT="49" WIDTH="39" VPOS="1226" HPOS="403" CONTENT="Il" ID="r1l74_9" STYLEREFS="FONT0"/>
            <SP HEIGHT="49" WIDTH="7" VPOS="1226" HPOS="442"/>
            <String HEIGHT="49" WIDTH="39" VPOS="1226" HPOS="423" CONTENT="le" ID="r1l74_10" STYLEREFS="FONT0"/>
            <SP HEIGHT="49" WIDTH="7" VPOS="1226" HPOS="462"/>
            <String HEIGHT="49" WIDTH="52" VPOS="1226" HPOS="442" CONTENT="prie" ID="r1l74_11" STYLEREFS="FONT0"/>
            <SP HEIGHT="49" WIDTH="7" VPOS="1226" HPOS="494"/>
            <String HEIGHT="49" WIDTH="39" VPOS="1226" HPOS="475" CONTENT="de" ID="r1l74_12" STYLEREFS="FONT0"/>
            <SP HEIGHT="49" WIDTH="7" VPOS="1226" HPOS="514"/>
            <String HEIGHT="49" WIDTH="46" VPOS="1226" HPOS="494" CONTENT="lui" ID="r1l74_13" STYLEREFS="FONT0"/>
            <SP HEIGHT="49" WIDTH="7" VPOS="1226" HPOS="540"/>
            <String HEIGHT="49" WIDTH="59" VPOS="1226" HPOS="520" CONTENT="faire" ID="r1l74_14" STYLEREFS="FONT0"/>
            <SP HEIGHT="49" WIDTH="7" VPOS="1226" HPOS="579"/>
            <String HEIGHT="49" WIDTH="39" VPOS="1226" HPOS="553" CONTENT="con" SUBS_TYPE="HypPart1" SUBS_CONTENT="connaître" ID="r1l74_15" STYLEREFS="FONT0"/>
            <HYP CONTENT="-"/>
          </TextLine>
          <TextLine ID="r1l75" BASELINE="1302" HEIGHT="53" WIDTH="972" VPOS="1249" HPOS="134">
            <String HEIGHT="53" WIDTH="145" VPOS="1249" HPOS="119" CONTENT="naître" SUBS_TYPE="HypPart2" SUBS_CONTENT="connaître" ID="r1l75_1" STYLEREFS="FONT0"/>
            <SP HEIGHT="53" WIDTH="15" VPOS="1249" HPOS="265"/>
            <String HEIGHT="53" WIDTH="87" VPOS="1249" HPOS="221" CONTENT="la" ID="r1l75_2" STYLEREFS="FONT0"/>
            <SP HEIGHT="53" WIDTH="15" VPOS="1249" HPOS="308"/>
            <String HEIGHT="53" WIDTH="145" VPOS="1249" HPOS="265" CONTENT="nature" ID="r1l75_3" STYLEREFS="FONT0"/>
            <SP HEIGHT="53" WIDTH="15" VPOS="1249" HPOS="410"/>
            <String HEIGHT="53" WIDTH="87" VPOS="1249" HPOS="366" CONTENT="de" ID="r1l75_4" STYLEREFS="FONT0"/>
            <SP HEIGHT="53" WIDTH="15" VPOS="1249" HPOS="453"/>
            <String HEIGHT="53" WIDTH="87" VPOS="1249" HPOS="410" CONTENT="la" ID="r1l75_5" STYLEREFS="FONT0"/>
            <SP HEIGHT="53" WIDTH="15" VPOS="1249" HPOS="497"/>
            <String HEIGHT="53" WIDTH="160" VPOS="1249" HPOS="453" CONTENT="demande" ID="r1l75_6" STYLEREFS="FONT0"/>
            <SP HEIGHT="53" WIDTH="15" VPOS="1249" HPOS="613"/>
            <String HEIGHT="53" WIDTH="87" VPOS="1249" HPOS="569" CONTENT="en" ID="r1l75_7" STYLEREFS="FONT0"/>
            <SP HEIGHT="53" WIDTH="15" VPOS="1249" HPOS="656"/>
            <String HEIGHT="53" WIDTH="189" VPOS="1249" HPOS="613" CONTENT="question," ID="r1l75_8" STYLEREFS="FONT0"/>
            <SP HEIGHT="53" WIDTH="15" VPOS="1249" HPOS="801"/>
            <String HEIGHT="53" WIDTH="131" VPOS="1249" HPOS="758" CONTENT="quels" ID="r1l75_9" STYLEREFS="FONT0"/>
            <SP HEIGHT="53" WIDTH="15" VPOS="1249" HPOS="888"/>
            <String HEIGHT="53" WIDTH="145" VPOS="1249" HPOS="845" CONTENT="furent" ID="r1l75_10" STYLEREFS="FONT0"/>
            <SP HEIGHT="53" WIDTH="15" VPOS="1249" HPOS="990"/>
            <String HEIGHT="53" WIDTH="102" VPOS="1249" HPOS="946" CONTENT="les" ID="r1l75_11" STYLEREFS="FONT0"/>
            <SP HEIGHT="53" WIDTH="15" VPOS="1249" HPOS="1048"/>
            <String HEIGHT="53" WIDTH="116" VPOS="1249" HPOS="990" CONTENT="moyens" ID="r1l75_12" STYLEREFS="FONT0"/>
          </TextLine>
          <TextLine ID="r1l76" BASELINE="1338" HEIGHT="60" WIDTH="962" VPOS="1278" HPOS="136">
            <String HEIGHT="60" WIDTH="86" VPOS="1278" HPOS="122" CONTENT="de" ID="r1l76_1" STYLEREFS="FONT0"/>
            <SP HEIGHT="60" WIDTH="14" VPOS="1278" HPOS="208"/>
            <String HEIGHT="60" WIDTH="187" VPOS="1278" HPOS="165" CONTENT="transport" ID="r1l76_2" STYLEREFS="FONT0"/>
            <SP HEIGHT="60" WIDTH="14" VPOS="1278" HPOS="351"/>
            <String HEIGHT="60" WIDTH="86" VPOS="1278" HPOS="308" CONTENT="et" ID="r1l76_3" STYLEREFS="FONT0"/>
            <SP HEIGHT="60" WIDTH="14" VPOS="1278" HPOS="394"/>
            <String HEIGHT="60" WIDTH="72" VPOS="1278" HPOS="351" CONTENT="à" ID="r1l76_4" STYLEREFS="FONT0"/>
            <SP HEIGHT="60" WIDTH="14" VPOS="1278" HPOS="423"/>
            <String HEIGHT="60" WIDTH="144" VPOS="1278" HPOS="380" CONTENT="quelle" ID="r1l76_5" STYLEREFS="FONT0"/>
            <SP HEIGHT="60" WIDTH="14" VPOS="1278" HPOS="524"/>
            <String HEIGHT="60" WIDTH="187" VPOS="1278" HPOS="481" CONTENT="occasion," ID="r1l76_6" STYLEREFS="FONT0"/>
            <SP HEIGHT="60" WIDTH="14" VPOS="1278" HPOS="667"/>
            <String HEIGHT="60" WIDTH="115" VPOS="1278" HPOS="624" CONTENT="pour" ID="r1l76_7" STYLEREFS="FONT0"/>
            <SP HEIGHT="60" WIDTH="14" VPOS="1278" HPOS="739"/>
            <String HEIGHT="60" WIDTH="144" VPOS="1278" HPOS="696" CONTENT="tâcher" ID="r1l76_8" STYLEREFS="FONT0"/>
            <SP HEIGHT="60" WIDTH="14" VPOS="1278" HPOS="840"/>
            <String HEIGHT="60" WIDTH="201" VPOS="1278" HPOS="796" CONTENT="d’arranger" ID="r1l76_9" STYLEREFS="FONT0"/>
            <SP HEIGHT="60" WIDTH="14" VPOS="1278" HPOS="997"/>
            <String HEIGHT="60" WIDTH="129" VPOS="1278" HPOS="954" CONTENT="cette" ID="r1l76_10" STYLEREFS="FONT0"/>
            <SP HEIGHT="60" WIDTH="14" VPOS="1278" HPOS="1084"/>
            <String HEIGHT="60" WIDTH="72" VPOS="1278" HPOS="1026" CONTENT="af" ID="r1l76_11" STYLEREFS="FONT0"/>
          </TextLine>
          <TextLine ID="r1l80" BASELINE="1375" HEIGHT="41" WIDTH="132" VPOS="1334" HPOS="136">
            <String HEIGHT="41" WIDTH="176" VPOS="1334" HPOS="92" CONTENT="faire." ID="r1l80_1" STYLEREFS="FONT0"/>
          </TextLine>
          <TextLine ID="r1l82" BASELINE="1406" HEIGHT="63" WIDTH="755" VPOS="1343" HPOS="351">
            <String HEIGHT="63" WIDTH="105" VPOS="1343" HPOS="339" CONTENT="19960" ID="r1l82_1" STYLEREFS="FONT0"/>
            <SP HEIGHT="63" WIDTH="12" VPOS="1343" HPOS="444"/>
            <String HEIGHT="63" WIDTH="139" VPOS="1343" HPOS="409" CONTENT="WORONZOW" ID="r1l82_2" STYLEREFS="FONT0"/>
            <SP HEIGHT="63" WIDTH="12" VPOS="1343" HPOS="548"/>
            <String HEIGHT="63" WIDTH="81" VPOS="1343" HPOS="514" CONTENT="(le" ID="r1l82_3" STYLEREFS="FONT0"/>
            <SP HEIGHT="63" WIDTH="12" VPOS="1343" HPOS="595"/>
            <String HEIGHT="63" WIDTH="81" VPOS="1343" HPOS="560" CONTENT="cte" ID="r1l82_4" STYLEREFS="FONT0"/>
            <SP HEIGHT="63" WIDTH="12" VPOS="1343" HPOS="641"/>
            <String HEIGHT="63" WIDTH="151" VPOS="1343" HPOS="607" CONTENT="Alexandre" ID="r1l82_5" STYLEREFS="FONT0"/>
            <SP HEIGHT="63" WIDTH="12" VPOS="1343" HPOS="758"/>
            <String HEIGHT="63" WIDTH="93" VPOS="1343" HPOS="723" CONTENT="de)," ID="r1l82_6" STYLEREFS="FONT0"/>
            <SP HEIGHT="63" WIDTH="12" VPOS="1343" HPOS="816"/>
            <String HEIGHT="63" WIDTH="139" VPOS="1343" HPOS="781" CONTENT="ministre" ID="r1l82_7" STYLEREFS="FONT0"/>
            <SP HEIGHT="63" WIDTH="12" VPOS="1343" HPOS="920"/>
            <String HEIGHT="63" WIDTH="70" VPOS="1343" HPOS="885" CONTENT="de" ID="r1l82_8" STYLEREFS="FONT0"/>
            <SP HEIGHT="63" WIDTH="12" VPOS="1343" HPOS="955"/>
            <String HEIGHT="63" WIDTH="151" VPOS="1343" HPOS="920" CONTENT="Catherine" ID="r1l82_9" STYLEREFS="FONT0"/>
            <SP HEIGHT="63" WIDTH="12" VPOS="1343" HPOS="1071"/>
            <String HEIGHT="63" WIDTH="70" VPOS="1343" HPOS="1036" CONTENT="II" ID="r1l82_10" STYLEREFS="FONT0"/>
            <SP HEIGHT="63" WIDTH="12" VPOS="1343" HPOS="1106"/>
            <String HEIGHT="63" WIDTH="46" VPOS="1343" HPOS="1060" CONTENT="et" ID="r1l82_11" STYLEREFS="FONT0"/>
          </TextLine>
          <TextLine ID="r1l85" BASELINE="1436" HEIGHT="51" WIDTH="787" VPOS="1385" HPOS="319">
            <String HEIGHT="51" WIDTH="162" VPOS="1385" HPOS="308" CONTENT="d’Alexandre" ID="r1l85_1" STYLEREFS="FONT0"/>
            <SP HEIGHT="51" WIDTH="11" VPOS="1385" HPOS="470"/>
            <String HEIGHT="51" WIDTH="86" VPOS="1385" HPOS="438" CONTENT="Ier," ID="r1l85_2" STYLEREFS="FONT0"/>
            <SP HEIGHT="51" WIDTH="11" VPOS="1385" HPOS="524"/>
            <String HEIGHT="51" WIDTH="162" VPOS="1385" HPOS="491" CONTENT="ambassadeur" ID="r1l85_3" STYLEREFS="FONT0"/>
            <SP HEIGHT="51" WIDTH="11" VPOS="1385" HPOS="653"/>
            <String HEIGHT="51" WIDTH="54" VPOS="1385" HPOS="621" CONTENT="à" ID="r1l85_4" STYLEREFS="FONT0"/>
            <SP HEIGHT="51" WIDTH="11" VPOS="1385" HPOS="675"/>
            <String HEIGHT="51" WIDTH="129" VPOS="1385" HPOS="642" CONTENT="Londres," ID="r1l85_5" STYLEREFS="FONT0"/>
            <SP HEIGHT="51" WIDTH="11" VPOS="1385" HPOS="772"/>
            <String HEIGHT="51" WIDTH="86" VPOS="1385" HPOS="739" CONTENT="puis" ID="r1l85_6" STYLEREFS="FONT0"/>
            <SP HEIGHT="51" WIDTH="11" VPOS="1385" HPOS="826"/>
            <String HEIGHT="51" WIDTH="162" VPOS="1385" HPOS="793" CONTENT="chancelier." ID="r1l85_7" STYLEREFS="FONT0"/>
            <SP HEIGHT="51" WIDTH="11" VPOS="1385" HPOS="955"/>
            <String HEIGHT="51" WIDTH="97" VPOS="1385" HPOS="923" CONTENT="L." ID="r1l85_8" STYLEREFS="FONT2"/>
            <SP HEIGHT="51" WIDTH="11" VPOS="1385" HPOS="1020"/>
            <String HEIGHT="51" WIDTH="65" VPOS="1385" HPOS="987" CONTENT="a." ID="r1l85_9" STYLEREFS="FONT2"/>
            <SP HEIGHT="51" WIDTH="11" VPOS="1385" HPOS="1052"/>
            <String HEIGHT="51" WIDTH="97" VPOS="1385" HPOS="1009" CONTENT="s." ID="r1l85_10" STYLEREFS="FONT2"/>
          </TextLine>
          <TextLine ID="r1l87" BASELINE="1467" HEIGHT="51" WIDTH="785" VPOS="1416" HPOS="323">
            <String HEIGHT="51" WIDTH="67" VPOS="1416" HPOS="312" CONTENT="en" ID="r1l87_1" STYLEREFS="FONT0"/>
            <SP HEIGHT="51" WIDTH="11" VPOS="1416" HPOS="379"/>
            <String HEIGHT="51" WIDTH="146" VPOS="1416" HPOS="345" CONTENT="français," ID="r1l87_2" STYLEREFS="FONT0"/>
            <SP HEIGHT="51" WIDTH="11" VPOS="1416" HPOS="491"/>
            <String HEIGHT="51" WIDTH="56" VPOS="1416" HPOS="458" CONTENT="à" ID="r1l87_3" STYLEREFS="FONT0"/>
            <SP HEIGHT="51" WIDTH="11" VPOS="1416" HPOS="514"/>
            <String HEIGHT="51" WIDTH="146" VPOS="1416" HPOS="480" CONTENT="Voltaire;" ID="r1l87_4" STYLEREFS="FONT0"/>
            <SP HEIGHT="51" WIDTH="11" VPOS="1416" HPOS="626"/>
            <String HEIGHT="51" WIDTH="112" VPOS="1416" HPOS="592" CONTENT="Paris," ID="r1l87_5" STYLEREFS="FONT0"/>
            <SP HEIGHT="51" WIDTH="11" VPOS="1416" HPOS="704"/>
            <String HEIGHT="51" WIDTH="56" VPOS="1416" HPOS="671" CONTENT="9" ID="r1l87_6" STYLEREFS="FONT0"/>
            <SP HEIGHT="51" WIDTH="11" VPOS="1416" HPOS="727"/>
            <String HEIGHT="51" WIDTH="123" VPOS="1416" HPOS="693" CONTENT="juillet" ID="r1l87_7" STYLEREFS="FONT0"/>
            <SP HEIGHT="51" WIDTH="11" VPOS="1416" HPOS="816"/>
            <String HEIGHT="51" WIDTH="101" VPOS="1416" HPOS="783" CONTENT="1760," ID="r1l87_8" STYLEREFS="FONT0"/>
            <SP HEIGHT="51" WIDTH="11" VPOS="1416" HPOS="884"/>
            <String HEIGHT="51" WIDTH="56" VPOS="1416" HPOS="850" CONTENT="3" ID="r1l87_9" STYLEREFS="FONT0"/>
            <SP HEIGHT="51" WIDTH="11" VPOS="1416" HPOS="906"/>
            <String HEIGHT="51" WIDTH="67" VPOS="1416" HPOS="873" CONTENT="p." ID="r1l87_10" STYLEREFS="FONT0"/>
            <SP HEIGHT="51" WIDTH="11" VPOS="1416" HPOS="940"/>
            <String HEIGHT="51" WIDTH="79" VPOS="1416" HPOS="906" CONTENT="1/4" ID="r1l87_11" STYLEREFS="FONT0"/>
            <SP HEIGHT="51" WIDTH="11" VPOS="1416" HPOS="985"/>
            <String HEIGHT="51" WIDTH="101" VPOS="1416" HPOS="951" CONTENT="in-4." ID="r1l87_12" STYLEREFS="FONT0"/>
            <SP HEIGHT="51" WIDTH="11" VPOS="1416" HPOS="1052"/>
            <String HEIGHT="51" WIDTH="101" VPOS="1416" HPOS="1007" CONTENT="Légère" SUBS_TYPE="HypPart1" SUBS_CONTENT="Légèrement" ID="r1l87_13" STYLEREFS="FONT0"/>
            <HYP CONTENT="-"/>
          </TextLine>
          <TextLine ID="r1l92" BASELINE="1516" HEIGHT="52" WIDTH="158" VPOS="1464" HPOS="147">
            <String HEIGHT="52" WIDTH="57" VPOS="1464" HPOS="140" CONTENT="ment" SUBS_TYPE="HypPart2" SUBS_CONTENT="Légèrement" ID="r1l92_1" STYLEREFS="FONT0"/>
            <SP HEIGHT="52" WIDTH="7" VPOS="1464" HPOS="197"/>
            <String HEIGHT="52" WIDTH="72" VPOS="1464" HPOS="176" CONTENT="tachée" ID="r1l92_2" STYLEREFS="FONT0"/>
            <SP HEIGHT="52" WIDTH="7" VPOS="1464" HPOS="248"/>
            <String HEIGHT="52" WIDTH="72" VPOS="1464" HPOS="226" CONTENT="d'eau." ID="r1l92_3" STYLEREFS="FONT0"/>
            <SP HEIGHT="52" WIDTH="7" VPOS="1464" HPOS="298"/>
            <String HEIGHT="52" WIDTH="36" VPOS="1464" HPOS="276" CONTENT="6" ID="r1l92_4" STYLEREFS="FONT0"/>
            <SP HEIGHT="52" WIDTH="7" VPOS="1464" HPOS="312"/>
            <String HEIGHT="52" WIDTH="22" VPOS="1464" HPOS="283" CONTENT="»" ID="r1l92_5" STYLEREFS="FONT0"/>
          </TextLine>
          <TextLine ID="r1l94" BASELINE="1539" HEIGHT="65" WIDTH="792" VPOS="1474" HPOS="321">
            <String HEIGHT="65" WIDTH="158" VPOS="1474" HPOS="310" CONTENT="Très-jolie" ID="r1l94_1" STYLEREFS="FONT0"/>
            <SP HEIGHT="65" WIDTH="11" VPOS="1474" HPOS="468"/>
            <String HEIGHT="65" WIDTH="124" VPOS="1474" HPOS="434" CONTENT="épître," ID="r1l94_2" STYLEREFS="FONT0"/>
            <SP HEIGHT="65" WIDTH="11" VPOS="1474" HPOS="559"/>
            <String HEIGHT="65" WIDTH="68" VPOS="1474" HPOS="525" CONTENT="où" ID="r1l94_3" STYLEREFS="FONT0"/>
            <SP HEIGHT="65" WIDTH="11" VPOS="1474" HPOS="593"/>
            <String HEIGHT="65" WIDTH="68" VPOS="1474" HPOS="559" CONTENT="il" ID="r1l94_4" STYLEREFS="FONT0"/>
            <SP HEIGHT="65" WIDTH="11" VPOS="1474" HPOS="626"/>
            <String HEIGHT="65" WIDTH="68" VPOS="1474" HPOS="593" CONTENT="le" ID="r1l94_5" STYLEREFS="FONT0"/>
            <SP HEIGHT="65" WIDTH="11" VPOS="1474" HPOS="660"/>
            <String HEIGHT="65" WIDTH="136" VPOS="1474" HPOS="626" CONTENT="remercie" ID="r1l94_6" STYLEREFS="FONT0"/>
            <SP HEIGHT="65" WIDTH="11" VPOS="1474" HPOS="762"/>
            <String HEIGHT="65" WIDTH="68" VPOS="1474" HPOS="728" CONTENT="du" ID="r1l94_7" STYLEREFS="FONT0"/>
            <SP HEIGHT="65" WIDTH="11" VPOS="1474" HPOS="796"/>
            <String HEIGHT="65" WIDTH="79" VPOS="1474" HPOS="762" CONTENT="bon" ID="r1l94_8" STYLEREFS="FONT0"/>
            <SP HEIGHT="65" WIDTH="11" VPOS="1474" HPOS="841"/>
            <String HEIGHT="65" WIDTH="124" VPOS="1474" HPOS="808" CONTENT="accueil" ID="r1l94_9" STYLEREFS="FONT0"/>
            <SP HEIGHT="65" WIDTH="11" VPOS="1474" HPOS="932"/>
            <String HEIGHT="65" WIDTH="102" VPOS="1474" HPOS="898" CONTENT="qu’il" ID="r1l94_10" STYLEREFS="FONT0"/>
            <SP HEIGHT="65" WIDTH="11" VPOS="1474" HPOS="1000"/>
            <String HEIGHT="65" WIDTH="79" VPOS="1474" HPOS="966" CONTENT="lui" ID="r1l94_11" STYLEREFS="FONT0"/>
            <SP HEIGHT="65" WIDTH="11" VPOS="1474" HPOS="1045"/>
            <String HEIGHT="65" WIDTH="57" VPOS="1474" HPOS="1011" CONTENT="a" ID="r1l94_12" STYLEREFS="FONT0"/>
            <SP HEIGHT="65" WIDTH="11" VPOS="1474" HPOS="1068"/>
            <String HEIGHT="65" WIDTH="91" VPOS="1474" HPOS="1034" CONTENT="fait" ID="r1l94_13" STYLEREFS="FONT0"/>
            <SP HEIGHT="65" WIDTH="11" VPOS="1474" HPOS="1124"/>
            <String HEIGHT="65" WIDTH="34" VPOS="1474" HPOS="1079" CONTENT="à" ID="r1l94_14" STYLEREFS="FONT0"/>
          </TextLine>
          <TextLine ID="r1l97" BASELINE="1570" HEIGHT="54" WIDTH="788" VPOS="1516" HPOS="320">
            <String HEIGHT="54" WIDTH="127" VPOS="1516" HPOS="308" CONTENT="Genève." ID="r1l97_1" STYLEREFS="FONT0"/>
            <SP HEIGHT="54" WIDTH="12" VPOS="1516" HPOS="436"/>
            <String HEIGHT="54" WIDTH="70" VPOS="1516" HPOS="401" CONTENT="Il" ID="r1l97_2" STYLEREFS="FONT0"/>
            <SP HEIGHT="54" WIDTH="12" VPOS="1516" HPOS="471"/>
            <String HEIGHT="54" WIDTH="58" VPOS="1516" HPOS="436" CONTENT="a" ID="r1l97_3" STYLEREFS="FONT0"/>
            <SP HEIGHT="54" WIDTH="12" VPOS="1516" HPOS="494"/>
            <String HEIGHT="54" WIDTH="116" VPOS="1516" HPOS="459" CONTENT="trouvé" ID="r1l97_4" STYLEREFS="FONT0"/>
            <SP HEIGHT="54" WIDTH="12" VPOS="1516" HPOS="575"/>
            <String HEIGHT="54" WIDTH="58" VPOS="1516" HPOS="540" CONTENT="à" ID="r1l97_5" STYLEREFS="FONT0"/>
            <SP HEIGHT="54" WIDTH="12" VPOS="1516" HPOS="598"/>
            <String HEIGHT="54" WIDTH="104" VPOS="1516" HPOS="563" CONTENT="Paris" ID="r1l97_6" STYLEREFS="FONT0"/>
            <SP HEIGHT="54" WIDTH="12" VPOS="1516" HPOS="668"/>
            <String HEIGHT="54" WIDTH="70" VPOS="1516" HPOS="633" CONTENT="de" ID="r1l97_7" STYLEREFS="FONT0"/>
            <SP HEIGHT="54" WIDTH="12" VPOS="1516" HPOS="702"/>
            <String HEIGHT="54" WIDTH="151" VPOS="1516" HPOS="668" CONTENT="mauvaises" ID="r1l97_8" STYLEREFS="FONT0"/>
            <SP HEIGHT="54" WIDTH="12" VPOS="1516" HPOS="818"/>
            <String HEIGHT="54" WIDTH="151" VPOS="1516" HPOS="784" CONTENT="brochures" ID="r1l97_9" STYLEREFS="FONT0"/>
            <SP HEIGHT="54" WIDTH="12" VPOS="1516" HPOS="934"/>
            <String HEIGHT="54" WIDTH="116" VPOS="1516" HPOS="899" CONTENT="contre" ID="r1l97_10" STYLEREFS="FONT0"/>
            <SP HEIGHT="54" WIDTH="12" VPOS="1516" HPOS="1015"/>
            <String HEIGHT="54" WIDTH="81" VPOS="1516" HPOS="981" CONTENT="les" ID="r1l97_11" STYLEREFS="FONT0"/>
            <SP HEIGHT="54" WIDTH="12" VPOS="1516" HPOS="1062"/>
            <String HEIGHT="54" WIDTH="93" VPOS="1516" HPOS="1015" CONTENT="philo" SUBS_TYPE="HypPart1" SUBS_CONTENT="philosophes" ID="r1l97_12" STYLEREFS="FONT0"/>
            <HYP CONTENT="-"/>
          </TextLine>
          <TextLine ID="r1l99" BASELINE="1605" HEIGHT="47" WIDTH="770" VPOS="1558" HPOS="340">
            <String HEIGHT="47" WIDTH="108" VPOS="1558" HPOS="329" CONTENT="sophes" SUBS_TYPE="HypPart2" SUBS_CONTENT="philosophes" ID="r1l99_1" STYLEREFS="FONT0"/>
            <SP HEIGHT="47" WIDTH="11" VPOS="1558" HPOS="438"/>
            <String HEIGHT="47" WIDTH="65" VPOS="1558" HPOS="405" CONTENT="et" ID="r1l99_2" STYLEREFS="FONT0"/>
            <SP HEIGHT="47" WIDTH="11" VPOS="1558" HPOS="470"/>
            <String HEIGHT="47" WIDTH="76" VPOS="1558" HPOS="438" CONTENT="des" ID="r1l99_3" STYLEREFS="FONT0"/>
            <SP HEIGHT="47" WIDTH="11" VPOS="1558" HPOS="514"/>
            <String HEIGHT="47" WIDTH="87" VPOS="1558" HPOS="481" CONTENT="gens" ID="r1l99_4" STYLEREFS="FONT0"/>
            <SP HEIGHT="47" WIDTH="11" VPOS="1558" HPOS="568"/>
            <String HEIGHT="47" WIDTH="98" VPOS="1558" HPOS="535" CONTENT="assez" ID="r1l99_5" STYLEREFS="FONT0"/>
            <SP HEIGHT="47" WIDTH="11" VPOS="1558" HPOS="633"/>
            <String HEIGHT="47" WIDTH="130" VPOS="1558" HPOS="600" CONTENT="patients" ID="r1l99_6" STYLEREFS="FONT0"/>
            <SP HEIGHT="47" WIDTH="11" VPOS="1558" HPOS="730"/>
            <String HEIGHT="47" WIDTH="87" VPOS="1558" HPOS="698" CONTENT="pour" ID="r1l99_7" STYLEREFS="FONT0"/>
            <SP HEIGHT="47" WIDTH="11" VPOS="1558" HPOS="785"/>
            <String HEIGHT="47" WIDTH="76" VPOS="1558" HPOS="752" CONTENT="les" ID="r1l99_8" STYLEREFS="FONT0"/>
            <SP HEIGHT="47" WIDTH="11" VPOS="1558" HPOS="828"/>
            <String HEIGHT="47" WIDTH="98" VPOS="1558" HPOS="795" CONTENT="lire." ID="r1l99_9" STYLEREFS="FONT0"/>
            <SP HEIGHT="47" WIDTH="11" VPOS="1558" HPOS="893"/>
            <String HEIGHT="47" WIDTH="119" VPOS="1558" HPOS="861" CONTENT="Détails" ID="r1l99_10" STYLEREFS="FONT0"/>
            <SP HEIGHT="47" WIDTH="11" VPOS="1558" HPOS="980"/>
            <String HEIGHT="47" WIDTH="76" VPOS="1558" HPOS="947" CONTENT="sur" ID="r1l99_11" STYLEREFS="FONT0"/>
            <SP HEIGHT="47" WIDTH="11" VPOS="1558" HPOS="1023"/>
            <String HEIGHT="47" WIDTH="87" VPOS="1558" HPOS="991" CONTENT="Vadé" ID="r1l99_12" STYLEREFS="FONT0"/>
            <SP HEIGHT="47" WIDTH="11" VPOS="1558" HPOS="1077"/>
            <String HEIGHT="47" WIDTH="76" VPOS="1558" HPOS="1045" CONTENT="qui" ID="r1l99_13" STYLEREFS="FONT0"/>
            <SP HEIGHT="47" WIDTH="11" VPOS="1558" HPOS="1121"/>
            <String HEIGHT="47" WIDTH="33" VPOS="1558" HPOS="1077" CONTENT="a" ID="r1l99_14" STYLEREFS="FONT0"/>
          </TextLine>
          <TextLine ID="r1l101" BASELINE="1645" HEIGHT="59" WIDTH="531" VPOS="1586" HPOS="343">
            <String HEIGHT="59" WIDTH="125" VPOS="1586" HPOS="333" CONTENT="pétrifié" ID="r1l101_1" STYLEREFS="FONT0"/>
            <SP HEIGHT="59" WIDTH="10" VPOS="1586" HPOS="458"/>
            <String HEIGHT="59" WIDTH="83" VPOS="1586" HPOS="426" CONTENT="même" ID="r1l101_2" STYLEREFS="FONT0"/>
            <SP HEIGHT="59" WIDTH="10" VPOS="1586" HPOS="510"/>
            <String HEIGHT="59" WIDTH="52" VPOS="1586" HPOS="478" CONTENT="à" ID="r1l101_3" STYLEREFS="FONT0"/>
            <SP HEIGHT="59" WIDTH="10" VPOS="1586" HPOS="530"/>
            <String HEIGHT="59" WIDTH="62" VPOS="1586" HPOS="499" CONTENT="sa" ID="r1l101_4" STYLEREFS="FONT0"/>
            <SP HEIGHT="59" WIDTH="10" VPOS="1586" HPOS="562"/>
            <String HEIGHT="59" WIDTH="83" VPOS="1586" HPOS="530" CONTENT="mort" ID="r1l101_5" STYLEREFS="FONT0"/>
            <SP HEIGHT="59" WIDTH="10" VPOS="1586" HPOS="614"/>
            <String HEIGHT="59" WIDTH="62" VPOS="1586" HPOS="582" CONTENT="ce" ID="r1l101_6" STYLEREFS="FONT0"/>
            <SP HEIGHT="59" WIDTH="10" VPOS="1586" HPOS="645"/>
            <String HEIGHT="59" WIDTH="104" VPOS="1586" HPOS="614" CONTENT="pauvre" ID="r1l101_7" STYLEREFS="FONT0"/>
            <SP HEIGHT="59" WIDTH="10" VPOS="1586" HPOS="718"/>
            <String HEIGHT="59" WIDTH="83" VPOS="1586" HPOS="687" CONTENT="abbé" ID="r1l101_8" STYLEREFS="FONT0"/>
            <SP HEIGHT="59" WIDTH="10" VPOS="1586" HPOS="770"/>
            <String HEIGHT="59" WIDTH="115" VPOS="1586" HPOS="739" CONTENT="Trublet" ID="r1l101_9" STYLEREFS="FONT0"/>
            <SP HEIGHT="59" WIDTH="10" VPOS="1586" HPOS="853"/>
            <String HEIGHT="59" WIDTH="62" VPOS="1586" HPOS="812" CONTENT="etc." ID="r1l101_10" STYLEREFS="FONT0"/>
          </TextLine>
          <TextLine ID="r1l103" BASELINE="1672" HEIGHT="75" WIDTH="753" VPOS="1597" HPOS="354">
            <String HEIGHT="75" WIDTH="90" VPOS="1597" HPOS="344" CONTENT="19961" ID="r1l103_1" STYLEREFS="FONT0"/>
            <SP HEIGHT="75" WIDTH="10" VPOS="1597" HPOS="434"/>
            <String HEIGHT="75" WIDTH="110" VPOS="1597" HPOS="404" CONTENT="YOLANDE" ID="r1l103_2" STYLEREFS="FONT0"/>
            <SP HEIGHT="75" WIDTH="10" VPOS="1597" HPOS="515"/>
            <String HEIGHT="75" WIDTH="60" VPOS="1597" HPOS="485" CONTENT="DE" ID="r1l103_3" STYLEREFS="FONT0"/>
            <SP HEIGHT="75" WIDTH="10" VPOS="1597" HPOS="545"/>
            <String HEIGHT="75" WIDTH="110" VPOS="1597" HPOS="515" CONTENT="FRANCE," ID="r1l103_4" STYLEREFS="FONT0"/>
            <SP HEIGHT="75" WIDTH="10" VPOS="1597" HPOS="625"/>
            <String HEIGHT="75" WIDTH="120" VPOS="1597" HPOS="595" CONTENT="duchesse" ID="r1l103_5" STYLEREFS="FONT0"/>
            <SP HEIGHT="75" WIDTH="10" VPOS="1597" HPOS="715"/>
            <String HEIGHT="75" WIDTH="60" VPOS="1597" HPOS="685" CONTENT="de" ID="r1l103_6" STYLEREFS="FONT0"/>
            <SP HEIGHT="75" WIDTH="10" VPOS="1597" HPOS="746"/>
            <String HEIGHT="75" WIDTH="110" VPOS="1597" HPOS="715" CONTENT="Savoie," ID="r1l103_7" STYLEREFS="FONT0"/>
            <SP HEIGHT="75" WIDTH="10" VPOS="1597" HPOS="826"/>
            <String HEIGHT="75" WIDTH="80" VPOS="1597" HPOS="796" CONTENT="sœur" ID="r1l103_8" STYLEREFS="FONT0"/>
            <SP HEIGHT="75" WIDTH="10" VPOS="1597" HPOS="876"/>
            <String HEIGHT="75" WIDTH="60" VPOS="1597" HPOS="846" CONTENT="de" ID="r1l103_9" STYLEREFS="FONT0"/>
            <SP HEIGHT="75" WIDTH="10" VPOS="1597" HPOS="906"/>
            <String HEIGHT="75" WIDTH="90" VPOS="1597" HPOS="876" CONTENT="Louis" ID="r1l103_10" STYLEREFS="FONT0"/>
            <SP HEIGHT="75" WIDTH="10" VPOS="1597" HPOS="966"/>
            <String HEIGHT="75" WIDTH="70" VPOS="1597" HPOS="936" CONTENT="XI." ID="r1l103_11" STYLEREFS="FONT0"/>
            <SP HEIGHT="75" WIDTH="10" VPOS="1597" HPOS="1007"/>
            <String HEIGHT="75" WIDTH="90" VPOS="1597" HPOS="976" CONTENT="L." ID="r1l103_12" STYLEREFS="FONT2"/>
            <SP HEIGHT="75" WIDTH="10" VPOS="1597" HPOS="1067"/>
            <String HEIGHT="75" WIDTH="80" VPOS="1597" HPOS="1027" CONTENT="s" ID="r1l103_13" STYLEREFS="FONT2"/>
          </TextLine>
          <TextLine ID="r1l106" BASELINE="1709" HEIGHT="57" WIDTH="745" VPOS="1652" HPOS="356">
            <String HEIGHT="57" WIDTH="58" VPOS="1652" HPOS="344" CONTENT="à" ID="r1l106_1" STYLEREFS="FONT0"/>
            <SP HEIGHT="57" WIDTH="12" VPOS="1652" HPOS="403"/>
            <String HEIGHT="57" WIDTH="70" VPOS="1652" HPOS="368" CONTENT="la" ID="r1l106_2" STYLEREFS="FONT0"/>
            <SP HEIGHT="57" WIDTH="12" VPOS="1652" HPOS="437"/>
            <String HEIGHT="57" WIDTH="140" VPOS="1652" HPOS="403" CONTENT="duchesse" ID="r1l106_3" STYLEREFS="FONT0"/>
            <SP HEIGHT="57" WIDTH="12" VPOS="1652" HPOS="542"/>
            <String HEIGHT="57" WIDTH="70" VPOS="1652" HPOS="507" CONTENT="de" ID="r1l106_4" STYLEREFS="FONT0"/>
            <SP HEIGHT="57" WIDTH="12" VPOS="1652" HPOS="577"/>
            <String HEIGHT="57" WIDTH="116" VPOS="1652" HPOS="542" CONTENT="Milan;" ID="r1l106_5" STYLEREFS="FONT0"/>
            <SP HEIGHT="57" WIDTH="12" VPOS="1652" HPOS="659"/>
            <String HEIGHT="57" WIDTH="326" VPOS="1652" HPOS="624" CONTENT="Saint-Jean-de-Maurienne," ID="r1l106_6" STYLEREFS="FONT0"/>
            <SP HEIGHT="57" WIDTH="12" VPOS="1652" HPOS="950"/>
            <String HEIGHT="57" WIDTH="70" VPOS="1652" HPOS="915" CONTENT="13" ID="r1l106_7" STYLEREFS="FONT0"/>
            <SP HEIGHT="57" WIDTH="12" VPOS="1652" HPOS="985"/>
            <String HEIGHT="57" WIDTH="105" VPOS="1652" HPOS="950" CONTENT="juin," ID="r1l106_8" STYLEREFS="FONT0"/>
            <SP HEIGHT="57" WIDTH="12" VPOS="1652" HPOS="1054"/>
            <String HEIGHT="57" WIDTH="81" VPOS="1652" HPOS="1020" CONTENT="1/2" ID="r1l106_9" STYLEREFS="FONT0"/>
            <SP HEIGHT="57" WIDTH="12" VPOS="1652" HPOS="1101"/>
            <String HEIGHT="57" WIDTH="47" VPOS="1652" HPOS="1054" CONTENT="p." ID="r1l106_10" STYLEREFS="FONT0"/>
          </TextLine>
          <TextLine ID="r1l109" BASELINE="1754" HEIGHT="50" WIDTH="865" VPOS="1704" HPOS="143">
            <String HEIGHT="50" WIDTH="103" VPOS="1704" HPOS="130" CONTENT="in-4" ID="r1l109_1" STYLEREFS="FONT0"/>
            <SP HEIGHT="50" WIDTH="13" VPOS="1704" HPOS="233"/>
            <String HEIGHT="50" WIDTH="142" VPOS="1704" HPOS="195" CONTENT="oblong." ID="r1l109_2" STYLEREFS="FONT0"/>
            <SP HEIGHT="50" WIDTH="13" VPOS="1704" HPOS="337"/>
            <String HEIGHT="50" WIDTH="168" VPOS="1704" HPOS="298" CONTENT="Déchirure" ID="r1l109_3" STYLEREFS="FONT0"/>
            <SP HEIGHT="50" WIDTH="13" VPOS="1704" HPOS="466"/>
            <String HEIGHT="50" WIDTH="90" VPOS="1704" HPOS="427" CONTENT="par" ID="r1l109_4" STYLEREFS="FONT0"/>
            <SP HEIGHT="50" WIDTH="13" VPOS="1704" HPOS="517"/>
            <String HEIGHT="50" WIDTH="77" VPOS="1704" HPOS="479" CONTENT="le" ID="r1l109_5" STYLEREFS="FONT0"/>
            <SP HEIGHT="50" WIDTH="13" VPOS="1704" HPOS="556"/>
            <String HEIGHT="50" WIDTH="129" VPOS="1704" HPOS="517" CONTENT="cachet" ID="r1l109_6" STYLEREFS="FONT0"/>
            <SP HEIGHT="50" WIDTH="13" VPOS="1704" HPOS="647"/>
            <String HEIGHT="50" WIDTH="207" VPOS="1704" HPOS="608" CONTENT="n’atteignant" ID="r1l109_7" STYLEREFS="FONT0"/>
            <SP HEIGHT="50" WIDTH="13" VPOS="1704" HPOS="814"/>
            <String HEIGHT="50" WIDTH="90" VPOS="1704" HPOS="776" CONTENT="pas" ID="r1l109_8" STYLEREFS="FONT0"/>
            <SP HEIGHT="50" WIDTH="13" VPOS="1704" HPOS="866"/>
            <String HEIGHT="50" WIDTH="77" VPOS="1704" HPOS="827" CONTENT="le" ID="r1l109_9" STYLEREFS="FONT0"/>
            <SP HEIGHT="50" WIDTH="13" VPOS="1704" HPOS="905"/>
            <String HEIGHT="50" WIDTH="129" VPOS="1704" HPOS="866" CONTENT="texte." ID="r1l109_10" STYLEREFS="FONT0"/>
            <SP HEIGHT="50" WIDTH="13" VPOS="1704" HPOS="995"/>
            <String HEIGHT="50" WIDTH="65" VPOS="1704" HPOS="956" CONTENT="9" ID="r1l109_11" STYLEREFS="FONT0"/>
            <SP HEIGHT="50" WIDTH="13" VPOS="1704" HPOS="1021"/>
            <String HEIGHT="50" WIDTH="39" VPOS="1704" HPOS="969" CONTENT="»" ID="r1l109_12" STYLEREFS="FONT0"/>
          </TextLine>
          <TextLine ID="r1l114" BASELINE="1863" HEIGHT="68" WIDTH="959" VPOS="1795" HPOS="151">
            <String HEIGHT="68" WIDTH="127" VPOS="1795" HPOS="137" CONTENT="19962" ID="r1l114_1" STYLEREFS="FONT0"/>
            <SP HEIGHT="68" WIDTH="14" VPOS="1795" HPOS="264"/>
            <String HEIGHT="68" WIDTH="141" VPOS="1795" HPOS="222" CONTENT="AUGIER" ID="r1l114_2" STYLEREFS="FONT0"/>
            <SP HEIGHT="68" WIDTH="14" VPOS="1795" HPOS="363"/>
            <String HEIGHT="68" WIDTH="169" VPOS="1795" HPOS="320" CONTENT="(Émile)," ID="r1l114_3" STYLEREFS="FONT0"/>
            <SP HEIGHT="68" WIDTH="14" VPOS="1795" HPOS="489"/>
            <String HEIGHT="68" WIDTH="85" VPOS="1795" HPOS="447" CONTENT="un" ID="r1l114_4" STYLEREFS="FONT0"/>
            <SP HEIGHT="68" WIDTH="14" VPOS="1795" HPOS="532"/>
            <String HEIGHT="68" WIDTH="99" VPOS="1795" HPOS="489" CONTENT="des" ID="r1l114_5" STYLEREFS="FONT0"/>
            <SP HEIGHT="68" WIDTH="14" VPOS="1795" HPOS="588"/>
            <String HEIGHT="68" WIDTH="183" VPOS="1795" HPOS="546" CONTENT="meilleurs" ID="r1l114_6" STYLEREFS="FONT0"/>
            <SP HEIGHT="68" WIDTH="14" VPOS="1795" HPOS="729"/>
            <String HEIGHT="68" WIDTH="155" VPOS="1795" HPOS="687" CONTENT="auteurs" ID="r1l114_7" STYLEREFS="FONT0"/>
            <SP HEIGHT="68" WIDTH="14" VPOS="1795" HPOS="842"/>
            <String HEIGHT="68" WIDTH="212" VPOS="1795" HPOS="800" CONTENT="dramatiques" ID="r1l114_8" STYLEREFS="FONT0"/>
            <SP HEIGHT="68" WIDTH="14" VPOS="1795" HPOS="1011"/>
            <String HEIGHT="68" WIDTH="155" VPOS="1795" HPOS="955" CONTENT="contempo" SUBS_TYPE="HypPart1" SUBS_CONTENT="contemporains," ID="r1l114_9" STYLEREFS="FONT0"/>
            <HYP CONTENT="-"/>
          </TextLine>
          <TextLine ID="r1l116" BASELINE="1888" HEIGHT="42" WIDTH="965" VPOS="1846" HPOS="148">
            <String HEIGHT="42" WIDTH="118" VPOS="1846" HPOS="136" CONTENT="rains," SUBS_TYPE="HypPart2" SUBS_CONTENT="contemporains," ID="r1l116_1" STYLEREFS="FONT0"/>
            <SP HEIGHT="42" WIDTH="12" VPOS="1846" HPOS="254"/>
            <String HEIGHT="42" WIDTH="118" VPOS="1846" HPOS="219" CONTENT="membre" ID="r1l116_2" STYLEREFS="FONT0"/>
            <SP HEIGHT="42" WIDTH="12" VPOS="1846" HPOS="336"/>
            <String HEIGHT="42" WIDTH="71" VPOS="1846" HPOS="301" CONTENT="de" ID="r1l116_3" STYLEREFS="FONT0"/>
            <SP HEIGHT="42" WIDTH="12" VPOS="1846" HPOS="372"/>
            <String HEIGHT="42" WIDTH="129" VPOS="1846" HPOS="336" CONTENT="l’Acad." ID="r1l116_4" STYLEREFS="FONT0"/>
            <SP HEIGHT="42" WIDTH="12" VPOS="1846" HPOS="466"/>
            <String HEIGHT="42" WIDTH="82" VPOS="1846" HPOS="430" CONTENT="fr." ID="r1l116_5" STYLEREFS="FONT0"/>
            <SP HEIGHT="42" WIDTH="12" VPOS="1846" HPOS="513"/>
            <String HEIGHT="42" WIDTH="106" VPOS="1846" HPOS="478" CONTENT="L." ID="r1l116_6" STYLEREFS="FONT2"/>
            <SP HEIGHT="42" WIDTH="12" VPOS="1846" HPOS="583"/>
            <String HEIGHT="42" WIDTH="129" VPOS="1846" HPOS="548" CONTENT="a." ID="r1l116_7" STYLEREFS="FONT2"/>
            <SP HEIGHT="42" WIDTH="12" VPOS="1846" HPOS="678"/>
            <String HEIGHT="42" WIDTH="94" VPOS="1846" HPOS="642" CONTENT="sig." ID="r1l116_8" STYLEREFS="FONT0"/>
            <SP HEIGHT="42" WIDTH="12" VPOS="1846" HPOS="736"/>
            <String HEIGHT="42" WIDTH="212" VPOS="1846" HPOS="701" CONTENT="Emile," ID="r1l116_9" STYLEREFS="FONT2"/>
            <SP HEIGHT="42" WIDTH="12" VPOS="1846" HPOS="913"/>
            <String HEIGHT="42" WIDTH="59" VPOS="1846" HPOS="878" CONTENT="à" ID="r1l116_10" STYLEREFS="FONT0"/>
            <SP HEIGHT="42" WIDTH="12" VPOS="1846" HPOS="936"/>
            <String HEIGHT="42" WIDTH="94" VPOS="1846" HPOS="901" CONTENT="Mlle" ID="r1l116_11" STYLEREFS="FONT0"/>
            <SP HEIGHT="42" WIDTH="12" VPOS="1846" HPOS="995"/>
            <String HEIGHT="42" WIDTH="118" VPOS="1846" HPOS="960" CONTENT="Rachel" ID="r1l116_12" STYLEREFS="FONT0"/>
            <SP HEIGHT="42" WIDTH="12" VPOS="1846" HPOS="1078"/>
            <String HEIGHT="42" WIDTH="82" VPOS="1846" HPOS="1031" CONTENT="(Bou" SUBS_TYPE="HypPart1" SUBS_CONTENT="(Bougival);" ID="r1l116_13" STYLEREFS="FONT0"/>
            <HYP CONTENT="-"/>
          </TextLine>
          <TextLine ID="r1l120" BASELINE="1940" HEIGHT="65" WIDTH="424" VPOS="1875" HPOS="162">
            <String HEIGHT="65" WIDTH="133" VPOS="1875" HPOS="150" CONTENT="gival);" SUBS_TYPE="HypPart2" SUBS_CONTENT="(Bougival);" ID="r1l120_1" STYLEREFS="FONT0"/>
            <SP HEIGHT="65" WIDTH="12" VPOS="1875" HPOS="283"/>
            <String HEIGHT="65" WIDTH="73" VPOS="1875" HPOS="247" CONTENT="16" ID="r1l120_2" STYLEREFS="FONT0"/>
            <SP HEIGHT="65" WIDTH="12" VPOS="1875" HPOS="319"/>
            <String HEIGHT="65" WIDTH="109" VPOS="1875" HPOS="283" CONTENT="juin," ID="r1l120_3" STYLEREFS="FONT0"/>
            <SP HEIGHT="65" WIDTH="12" VPOS="1875" HPOS="392"/>
            <String HEIGHT="65" WIDTH="61" VPOS="1875" HPOS="356" CONTENT="3" ID="r1l120_4" STYLEREFS="FONT0"/>
            <SP HEIGHT="65" WIDTH="12" VPOS="1875" HPOS="416"/>
            <String HEIGHT="65" WIDTH="73" VPOS="1875" HPOS="380" CONTENT="p." ID="r1l120_5" STYLEREFS="FONT0"/>
            <SP HEIGHT="65" WIDTH="12" VPOS="1875" HPOS="453"/>
            <String HEIGHT="65" WIDTH="85" VPOS="1875" HPOS="416" CONTENT="1/2" ID="r1l120_6" STYLEREFS="FONT0"/>
            <SP HEIGHT="65" WIDTH="12" VPOS="1875" HPOS="501"/>
            <String HEIGHT="65" WIDTH="109" VPOS="1875" HPOS="465" CONTENT="in-8." ID="r1l120_7" STYLEREFS="FONT0"/>
            <SP HEIGHT="65" WIDTH="12" VPOS="1875" HPOS="574"/>
            <String HEIGHT="65" WIDTH="61" VPOS="1875" HPOS="538" CONTENT="5" ID="r1l120_8" STYLEREFS="FONT0"/>
            <SP HEIGHT="65" WIDTH="12" VPOS="1875" HPOS="598"/>
            <String HEIGHT="65" WIDTH="36" VPOS="1875" HPOS="550" CONTENT="»" ID="r1l120_9" STYLEREFS="FONT0"/>
          </TextLine>
          <TextLine ID="r1l121" BASELINE="1964" HEIGHT="62" WIDTH="927" VPOS="1902" HPOS="186">
            <String HEIGHT="62" WIDTH="140" VPOS="1902" HPOS="172" CONTENT="Lettre" ID="r1l121_1" STYLEREFS="FONT0"/>
            <SP HEIGHT="62" WIDTH="14" VPOS="1902" HPOS="312"/>
            <String HEIGHT="62" WIDTH="112" VPOS="1902" HPOS="270" CONTENT="fort" ID="r1l121_2" STYLEREFS="FONT0"/>
            <SP HEIGHT="62" WIDTH="14" VPOS="1902" HPOS="383"/>
            <String HEIGHT="62" WIDTH="183" VPOS="1902" HPOS="341" CONTENT="curieuse." ID="r1l121_3" STYLEREFS="FONT0"/>
            <SP HEIGHT="62" WIDTH="14" VPOS="1902" HPOS="523"/>
            <String HEIGHT="62" WIDTH="84" VPOS="1902" HPOS="481" CONTENT="Il" ID="r1l121_4" STYLEREFS="FONT0"/>
            <SP HEIGHT="62" WIDTH="14" VPOS="1902" HPOS="565"/>
            <String HEIGHT="62" WIDTH="140" VPOS="1902" HPOS="523" CONTENT="paraît" ID="r1l121_5" STYLEREFS="FONT0"/>
            <SP HEIGHT="62" WIDTH="14" VPOS="1902" HPOS="664"/>
            <String HEIGHT="62" WIDTH="126" VPOS="1902" HPOS="621" CONTENT="qu’on" ID="r1l121_6" STYLEREFS="FONT0"/>
            <SP HEIGHT="62" WIDTH="14" VPOS="1902" HPOS="748"/>
            <String HEIGHT="62" WIDTH="112" VPOS="1902" HPOS="706" CONTENT="veut" ID="r1l121_7" STYLEREFS="FONT0"/>
            <SP HEIGHT="62" WIDTH="14" VPOS="1902" HPOS="818"/>
            <String HEIGHT="62" WIDTH="98" VPOS="1902" HPOS="776" CONTENT="les" ID="r1l121_8" STYLEREFS="FONT0"/>
            <SP HEIGHT="62" WIDTH="14" VPOS="1902" HPOS="874"/>
            <String HEIGHT="62" WIDTH="183" VPOS="1902" HPOS="832" CONTENT="brouiller" ID="r1l121_9" STYLEREFS="FONT0"/>
            <SP HEIGHT="62" WIDTH="14" VPOS="1902" HPOS="1015"/>
            <String HEIGHT="62" WIDTH="155" VPOS="1902" HPOS="959" CONTENT="ensemble;" ID="r1l121_10" STYLEREFS="FONT0"/>
          </TextLine>
          <TextLine ID="r1l122" BASELINE="2001" HEIGHT="54" WIDTH="965" VPOS="1947" HPOS="152">
            <String HEIGHT="54" WIDTH="142" VPOS="1947" HPOS="138" CONTENT="bruits" ID="r1l122_1" STYLEREFS="FONT0"/>
            <SP HEIGHT="54" WIDTH="14" VPOS="1947" HPOS="280"/>
            <String HEIGHT="54" WIDTH="99" VPOS="1947" HPOS="237" CONTENT="qui" ID="r1l122_2" STYLEREFS="FONT0"/>
            <SP HEIGHT="54" WIDTH="14" VPOS="1947" HPOS="336"/>
            <String HEIGHT="54" WIDTH="156" VPOS="1947" HPOS="294" CONTENT="courent" ID="r1l122_3" STYLEREFS="FONT0"/>
            <SP HEIGHT="54" WIDTH="14" VPOS="1947" HPOS="450"/>
            <String HEIGHT="54" WIDTH="71" VPOS="1947" HPOS="407" CONTENT="à" ID="r1l122_4" STYLEREFS="FONT0"/>
            <SP HEIGHT="54" WIDTH="14" VPOS="1947" HPOS="478"/>
            <String HEIGHT="54" WIDTH="85" VPOS="1947" HPOS="436" CONTENT="ce" ID="r1l122_5" STYLEREFS="FONT0"/>
            <SP HEIGHT="54" WIDTH="14" VPOS="1947" HPOS="521"/>
            <String HEIGHT="54" WIDTH="142" VPOS="1947" HPOS="478" CONTENT="sujet." ID="r1l122_6" STYLEREFS="FONT0"/>
            <SP HEIGHT="54" WIDTH="14" VPOS="1947" HPOS="620"/>
            <String HEIGHT="54" WIDTH="156" VPOS="1947" HPOS="578" CONTENT="Détails" ID="r1l122_7" STYLEREFS="FONT0"/>
            <SP HEIGHT="54" WIDTH="14" VPOS="1947" HPOS="734"/>
            <String HEIGHT="54" WIDTH="99" VPOS="1947" HPOS="691" CONTENT="sur" ID="r1l122_8" STYLEREFS="FONT0"/>
            <SP HEIGHT="54" WIDTH="14" VPOS="1947" HPOS="791"/>
            <String HEIGHT="54" WIDTH="99" VPOS="1947" HPOS="748" CONTENT="une" ID="r1l122_9" STYLEREFS="FONT0"/>
            <SP HEIGHT="54" WIDTH="14" VPOS="1947" HPOS="847"/>
            <String HEIGHT="54" WIDTH="128" VPOS="1947" HPOS="805" CONTENT="pièce" ID="r1l122_10" STYLEREFS="FONT0"/>
            <SP HEIGHT="54" WIDTH="14" VPOS="1947" HPOS="933"/>
            <String HEIGHT="54" WIDTH="128" VPOS="1947" HPOS="890" CONTENT="qu’il" ID="r1l122_11" STYLEREFS="FONT0"/>
            <SP HEIGHT="54" WIDTH="14" VPOS="1947" HPOS="1018"/>
            <String HEIGHT="54" WIDTH="114" VPOS="1947" HPOS="975" CONTENT="fait" ID="r1l122_12" STYLEREFS="FONT0"/>
            <SP HEIGHT="54" WIDTH="14" VPOS="1947" HPOS="1089"/>
            <String HEIGHT="54" WIDTH="85" VPOS="1947" HPOS="1032" CONTENT="pour" ID="r1l122_13" STYLEREFS="FONT0"/>
          </TextLine>
          <TextLine ID="r1l123" BASELINE="2027" HEIGHT="57" WIDTH="958" VPOS="1970" HPOS="153">
            <String HEIGHT="57" WIDTH="131" VPOS="1970" HPOS="138" CONTENT="elle." ID="r1l123_1" STYLEREFS="FONT0"/>
            <SP HEIGHT="57" WIDTH="15" VPOS="1970" HPOS="269"/>
            <String HEIGHT="57" WIDTH="145" VPOS="1970" HPOS="226" CONTENT="«Voilà" ID="r1l123_2" STYLEREFS="FONT0"/>
            <SP HEIGHT="57" WIDTH="15" VPOS="1970" HPOS="371"/>
            <String HEIGHT="57" WIDTH="116" VPOS="1970" HPOS="327" CONTENT="cinq" ID="r1l123_3" STYLEREFS="FONT0"/>
            <SP HEIGHT="57" WIDTH="15" VPOS="1970" HPOS="443"/>
            <String HEIGHT="57" WIDTH="131" VPOS="1970" HPOS="400" CONTENT="jours" ID="r1l123_4" STYLEREFS="FONT0"/>
            <SP HEIGHT="57" WIDTH="15" VPOS="1970" HPOS="530"/>
            <String HEIGHT="57" WIDTH="160" VPOS="1970" HPOS="487" CONTENT="dit-il," ID="r1l123_5" STYLEREFS="FONT0"/>
            <SP HEIGHT="57" WIDTH="15" VPOS="1970" HPOS="647"/>
            <String HEIGHT="57" WIDTH="102" VPOS="1970" HPOS="603" CONTENT="que" ID="r1l123_6" STYLEREFS="FONT0"/>
            <SP HEIGHT="57" WIDTH="15" VPOS="1970" HPOS="705"/>
            <String HEIGHT="57" WIDTH="87" VPOS="1970" HPOS="661" CONTENT="je" ID="r1l123_7" STYLEREFS="FONT0"/>
            <SP HEIGHT="57" WIDTH="15" VPOS="1970" HPOS="748"/>
            <String HEIGHT="57" WIDTH="131" VPOS="1970" HPOS="705" CONTENT="lutte" ID="r1l123_8" STYLEREFS="FONT0"/>
            <SP HEIGHT="57" WIDTH="15" VPOS="1970" HPOS="835"/>
            <String HEIGHT="57" WIDTH="131" VPOS="1970" HPOS="792" CONTENT="corps" ID="r1l123_9" STYLEREFS="FONT0"/>
            <SP HEIGHT="57" WIDTH="15" VPOS="1970" HPOS="922"/>
            <String HEIGHT="57" WIDTH="73" VPOS="1970" HPOS="879" CONTENT="à" ID="r1l123_10" STYLEREFS="FONT0"/>
            <SP HEIGHT="57" WIDTH="15" VPOS="1970" HPOS="951"/>
            <String HEIGHT="57" WIDTH="131" VPOS="1970" HPOS="908" CONTENT="corps" ID="r1l123_11" STYLEREFS="FONT0"/>
            <SP HEIGHT="57" WIDTH="15" VPOS="1970" HPOS="1038"/>
            <String HEIGHT="57" WIDTH="116" VPOS="1970" HPOS="995" CONTENT="avec" ID="r1l123_12" STYLEREFS="FONT0"/>
            <SP HEIGHT="57" WIDTH="15" VPOS="1970" HPOS="1111"/>
            <String HEIGHT="57" WIDTH="58" VPOS="1970" HPOS="1053" CONTENT="le" ID="r1l123_13" STYLEREFS="FONT0"/>
          </TextLine>
          <TextLine ID="r1l124" BASELINE="2064" HEIGHT="59" WIDTH="957" VPOS="2005" HPOS="159">
            <String HEIGHT="59" WIDTH="131" VPOS="2005" HPOS="145" CONTENT="plan." ID="r1l124_1" STYLEREFS="FONT0"/>
            <SP HEIGHT="59" WIDTH="15" VPOS="2005" HPOS="275"/>
            <String HEIGHT="59" WIDTH="131" VPOS="2005" HPOS="232" CONTENT="C’est" ID="r1l124_2" STYLEREFS="FONT0"/>
            <SP HEIGHT="59" WIDTH="15" VPOS="2005" HPOS="362"/>
            <String HEIGHT="59" WIDTH="87" VPOS="2005" HPOS="319" CONTENT="la" ID="r1l124_3" STYLEREFS="FONT0"/>
            <SP HEIGHT="59" WIDTH="15" VPOS="2005" HPOS="406"/>
            <String HEIGHT="59" WIDTH="174" VPOS="2005" HPOS="362" CONTENT="première" ID="r1l124_4" STYLEREFS="FONT0"/>
            <SP HEIGHT="59" WIDTH="15" VPOS="2005" HPOS="536"/>
            <String HEIGHT="59" WIDTH="116" VPOS="2005" HPOS="493" CONTENT="fois" ID="r1l124_5" STYLEREFS="FONT0"/>
            <SP HEIGHT="59" WIDTH="15" VPOS="2005" HPOS="609"/>
            <String HEIGHT="59" WIDTH="102" VPOS="2005" HPOS="565" CONTENT="que" ID="r1l124_6" STYLEREFS="FONT0"/>
            <SP HEIGHT="59" WIDTH="15" VPOS="2005" HPOS="667"/>
            <String HEIGHT="59" WIDTH="87" VPOS="2005" HPOS="623" CONTENT="je" ID="r1l124_7" STYLEREFS="FONT0"/>
            <SP HEIGHT="59" WIDTH="15" VPOS="2005" HPOS="710"/>
            <String HEIGHT="59" WIDTH="87" VPOS="2005" HPOS="667" CONTENT="me" ID="r1l124_8" STYLEREFS="FONT0"/>
            <SP HEIGHT="59" WIDTH="15" VPOS="2005" HPOS="754"/>
            <String HEIGHT="59" WIDTH="131" VPOS="2005" HPOS="710" CONTENT="donne" ID="r1l124_9" STYLEREFS="FONT0"/>
            <SP HEIGHT="59" WIDTH="15" VPOS="2005" HPOS="841"/>
            <String HEIGHT="59" WIDTH="131" VPOS="2005" HPOS="797" CONTENT="cetté" ID="r1l124_10" STYLEREFS="FONT0"/>
            <SP HEIGHT="59" WIDTH="15" VPOS="2005" HPOS="928"/>
            <String HEIGHT="59" WIDTH="174" VPOS="2005" HPOS="884" CONTENT="peine..." ID="r1l124_11" STYLEREFS="FONT0"/>
            <SP HEIGHT="59" WIDTH="15" VPOS="2005" HPOS="1058"/>
            <String HEIGHT="59" WIDTH="116" VPOS="2005" HPOS="1000" CONTENT="Adieu," ID="r1l124_12" STYLEREFS="FONT0"/>
          </TextLine>
          <TextLine ID="r1l125" BASELINE="2093" HEIGHT="54" WIDTH="814" VPOS="2039" HPOS="159">
            <String HEIGHT="54" WIDTH="126" VPOS="2039" HPOS="145" CONTENT="chère" ID="r1l125_1" STYLEREFS="FONT0"/>
            <SP HEIGHT="54" WIDTH="14" VPOS="2039" HPOS="271"/>
            <String HEIGHT="54" WIDTH="140" VPOS="2039" HPOS="229" CONTENT="petite" ID="r1l125_2" STYLEREFS="FONT0"/>
            <SP HEIGHT="54" WIDTH="14" VPOS="2039" HPOS="370"/>
            <String HEIGHT="54" WIDTH="140" VPOS="2039" HPOS="327" CONTENT="femme;" ID="r1l125_3" STYLEREFS="FONT0"/>
            <SP HEIGHT="54" WIDTH="14" VPOS="2039" HPOS="468"/>
            <String HEIGHT="54" WIDTH="84" VPOS="2039" HPOS="426" CONTENT="je" ID="r1l125_4" STYLEREFS="FONT0"/>
            <SP HEIGHT="54" WIDTH="14" VPOS="2039" HPOS="510"/>
            <String HEIGHT="54" WIDTH="140" VPOS="2039" HPOS="468" CONTENT="t’aime" ID="r1l125_5" STYLEREFS="FONT0"/>
            <SP HEIGHT="54" WIDTH="14" VPOS="2039" HPOS="608"/>
            <String HEIGHT="54" WIDTH="84" VPOS="2039" HPOS="566" CONTENT="et" ID="r1l125_6" STYLEREFS="FONT0"/>
            <SP HEIGHT="54" WIDTH="14" VPOS="2039" HPOS="650"/>
            <String HEIGHT="54" WIDTH="196" VPOS="2039" HPOS="608" CONTENT="t’embrasse" ID="r1l125_7" STYLEREFS="FONT0"/>
            <SP HEIGHT="54" WIDTH="14" VPOS="2039" HPOS="805"/>
            <String HEIGHT="54" WIDTH="225" VPOS="2039" HPOS="748" CONTENT="tendrement...»" ID="r1l125_8" STYLEREFS="FONT0"/>
          </TextLine>
          <TextLine ID="r1l126" BASELINE="2129" HEIGHT="83" WIDTH="960" VPOS="2046" HPOS="156">
            <String HEIGHT="83" WIDTH="111" VPOS="2046" HPOS="144" CONTENT="19963" ID="r1l126_1" STYLEREFS="FONT0"/>
            <SP HEIGHT="83" WIDTH="12" VPOS="2046" HPOS="254"/>
            <String HEIGHT="83" WIDTH="135" VPOS="2046" HPOS="218" CONTENT="BARBIER" ID="r1l126_2" STYLEREFS="FONT0"/>
            <SP HEIGHT="83" WIDTH="12" VPOS="2046" HPOS="353"/>
            <String HEIGHT="83" WIDTH="172" VPOS="2046" HPOS="316" CONTENT="(Auguste)," ID="r1l126_3" STYLEREFS="FONT0"/>
            <SP HEIGHT="83" WIDTH="12" VPOS="2046" HPOS="488"/>
            <String HEIGHT="83" WIDTH="135" VPOS="2046" HPOS="451" CONTENT="célèbre" ID="r1l126_4" STYLEREFS="FONT0"/>
            <SP HEIGHT="83" WIDTH="12" VPOS="2046" HPOS="587"/>
            <String HEIGHT="83" WIDTH="123" VPOS="2046" HPOS="550" CONTENT="poëte," ID="r1l126_5" STYLEREFS="FONT0"/>
            <SP HEIGHT="83" WIDTH="12" VPOS="2046" HPOS="673"/>
            <String HEIGHT="83" WIDTH="148" VPOS="2046" HPOS="636" CONTENT="l’auteur" ID="r1l126_6" STYLEREFS="FONT0"/>
            <SP HEIGHT="83" WIDTH="12" VPOS="2046" HPOS="784"/>
            <String HEIGHT="83" WIDTH="86" VPOS="2046" HPOS="747" CONTENT="des" ID="r1l126_7" STYLEREFS="FONT0"/>
            <SP HEIGHT="83" WIDTH="12" VPOS="2046" HPOS="833"/>
            <String HEIGHT="83" WIDTH="172" VPOS="2046" HPOS="796" CONTENT="Iambes." ID="r1l126_8" STYLEREFS="FONT2"/>
            <SP HEIGHT="83" WIDTH="12" VPOS="2046" HPOS="968"/>
            <String HEIGHT="83" WIDTH="74" VPOS="2046" HPOS="931" CONTENT="L." ID="r1l126_9" STYLEREFS="FONT2"/>
            <SP HEIGHT="83" WIDTH="12" VPOS="2046" HPOS="1005"/>
            <String HEIGHT="83" WIDTH="123" VPOS="2046" HPOS="968" CONTENT="a" ID="r1l126_10" STYLEREFS="FONT2"/>
            <SP HEIGHT="83" WIDTH="12" VPOS="2046" HPOS="1091"/>
            <String HEIGHT="83" WIDTH="74" VPOS="2046" HPOS="1042" CONTENT="s..," ID="r1l126_11" STYLEREFS="FONT0"/>
          </TextLine>
          <TextLine ID="r1l129" BASELINE="2171" HEIGHT="51" WIDTH="389" VPOS="2120" HPOS="158">
            <String HEIGHT="51" WIDTH="83" VPOS="2120" HPOS="146" CONTENT="3/4" ID="r1l129_1" STYLEREFS="FONT0"/>
            <SP HEIGHT="51" WIDTH="12" VPOS="2120" HPOS="229"/>
            <String HEIGHT="51" WIDTH="71" VPOS="2120" HPOS="193" CONTENT="de" ID="r1l129_2" STYLEREFS="FONT0"/>
            <SP HEIGHT="51" WIDTH="12" VPOS="2120" HPOS="264"/>
            <String HEIGHT="51" WIDTH="71" VPOS="2120" HPOS="229" CONTENT="p." ID="r1l129_3" STYLEREFS="FONT0"/>
            <SP HEIGHT="51" WIDTH="12" VPOS="2120" HPOS="299"/>
            <String HEIGHT="51" WIDTH="106" VPOS="2120" HPOS="264" CONTENT="in-8." ID="r1l129_4" STYLEREFS="FONT0"/>
            <SP HEIGHT="51" WIDTH="12" VPOS="2120" HPOS="370"/>
            <String HEIGHT="51" WIDTH="106" VPOS="2120" HPOS="335" CONTENT="Jolie" ID="r1l129_5" STYLEREFS="FONT0"/>
            <SP HEIGHT="51" WIDTH="12" VPOS="2120" HPOS="441"/>
            <String HEIGHT="51" WIDTH="130" VPOS="2120" HPOS="406" CONTENT="épître." ID="r1l129_6" STYLEREFS="FONT0"/>
            <SP HEIGHT="51" WIDTH="12" VPOS="2120" HPOS="535"/>
            <String HEIGHT="51" WIDTH="59" VPOS="2120" HPOS="500" CONTENT="2" ID="r1l129_7" STYLEREFS="FONT0"/>
            <SP HEIGHT="51" WIDTH="12" VPOS="2120" HPOS="559"/>
            <String HEIGHT="51" WIDTH="35" VPOS="2120" HPOS="512" CONTENT="»" ID="r1l129_8" STYLEREFS="FONT0"/>
          </TextLine>
        </TextBlock>
      </PrintSpace>
    </Page>
  </Layout>
</alto>
