1556 2274
654 207 115 83 —
700 207 161 83 102
769 207 69 83 —

239 288 528 74 PENNEQUIN-DELORME
691 288 201 74 (A.)
817 288 126 74 —
867 288 201 74 128,
993 288 251 74 avenue
1143 288 101 74 du

283 351 198 75 Maine,
402 351 158 75 Paris.

326 402 301 86 1928
566 402 120 86 Le
627 402 160 86 port
727 402 120 86 du
787 402 200 86 Crotoy
927 402 241 86 (Somme).
1088 402 160 86 Appar

535 468 162 58 tient
643 468 90 58 à
679 468 108 58 M.
715 468 179 58 Prelier.

326 501 276 77 1929
546 501 110 77 La
602 501 405 77 Butte-aux-Cailles,
951 501 129 77 rue
1007 501 239 77 Brillat

513 564 159 53 varin.

329 601 284 66 1930
556 601 114 66 Le
613 601 190 66 moulin
746 601 114 66 de
803 601 190 66 Bernay
917 601 190 66 (Somme).

329 656 274 52 1931
548 656 219 52 L’église
713 656 110 52 du
767 656 183 52 Crotoy
877 656 183 52 (Somme).

328 707 278 58 1932
551 707 148 58 Coin
644 707 111 58 de
700 707 186 58 Marne,
829 707 148 58 près
904 707 148 58 Lagny.

253 803 191 86 PENOT
380 803 446 86 (Eugène-Edouard).
762 803 106 86 —
804 803 149 86 25,
889 803 149 86 rue
974 803 191 86 Cail,
1080 803 170 86 Paris.

509 906 191 63 1933
662 906 89 63 Sur
713 906 89 63 les
764 906 140 63 sables,
866 906 64 63 à
878 906 115 63 Cayeux.

508 960 179 55 1934
651 960 131 55 Barques
747 960 72 55 de
771 960 95 55 pêche.

506 998 209 67 1935
673 998 84 67 La
715 998 125 67 Somme
798 998 70 67 à
812 998 209 67 Pont

508 1050 208 65 1936
675 1050 125 65 Marée
758 1050 167 65 montante
883 1050 69 65 à
897 1050 167 65 Bernières.

510 1100 172 65 1937
647 1100 103 65 Avant
715 1100 80 65 les
750 1100 114 65 régates.

513 1147 179 54 1938
656 1147 71 54 Le
692 1147 95 54 Pont
739 1147 179 54 d’Austerlitz.

512 1196 196 58 1939
669 1196 79 58 La
708 1196 118 58 Seine
787 1196 65 58 à
813 1196 118 58 Triel
879 1196 196 58 (crépuscule).

512 1251 189 58 1940
663 1251 113 58 Marée
739 1251 113 58 basse
814 1251 63 58 à
827 1251 113 58 Onival.

257 1364 245 64 PÉRINET
435 1364 401 64 (Louis-André).
769 1364 111 64 —
814 1364 223 64 Avenue
947 1364 312 64 Eugène-

298 1417 211 68 phache,
451 1417 96 68 à
489 1417 479 68 Combs-la-Ville-Quincy
892 1417 364 68 (Seine

320 1493 272 51 *1941
541 1493 153 51 Lever
643 1493 102 51 de
694 1493 153 51 lune,
797 1493 119 51 Ile
865 1493 102 51 de
916 1493 170 51 Bréhat
1018 1493 238 51 (C.

320 1545 289 65 *1942
555 1545 253 65 Crépuscule
754 1545 127 65 sur
826 1545 108 65 la
880 1545 181 65 lande,
1007 1545 127 65 Ile
1079 1545 108 65 de
1115 1545 145 65 Bréhat

526 1594 362 60 (Côtes

323 1638 267 77 *1943
541 1638 150 77 Effet
641 1638 184 77 d’orage
774 1638 117 77 sur
841 1638 100 77 la
891 1638 167 77 lande,
1008 1638 117 77 Ile
1075 1638 100 77 de
1109 1638 150 77 Bréhat,

525 1690 358 60 (Côtes

323 1742 295 68 *1944
562 1742 111 68 La
617 1742 166 68 Croix
728 1742 111 68 de
783 1742 184 68 Modez.
912 1742 166 68 Lever
1023 1742 111 68 de
1078 1742 166 68 june,
1170 1742 92 68 Ile

551 1785 117 59 de
610 1785 196 59 Bréhat
728 1785 352 59 (Côtes

324 1829 294 74 *1945
563 1829 258 74 Chaumières
765 1829 110 74 au
820 1829 276 74 crépuscule,
1041 1829 129 74 Ile
1115 1829 110 74 de
1152 1829 110 74 Bré-

549 1881 137 73 hat
608 1881 353 73 (Côtes
