1544 2268
245 340 820 157 DÉSIGNATION

194 586 231 112 ACHABEY
362 586 335 112 (Hippolyte).
634 586 105 112 —
676 586 126 112 7,
739 586 147 112 rue
823 586 126 112 du
886 586 231 112 Perche,
1032 586 168 112 Paris.

332 675 214 90 *1
496 675 132 90 Tête
579 675 99 90 de
628 675 148 90 vieux
711 675 181 90 bûcheron.

346 739 194 65 2
491 739 129 65 Tête
572 739 97 65 de
620 739 177 65 vieille
733 739 129 65 femme.

345 784 209 85 3
501 784 191 85 Récolte
640 784 104 85 du
693 784 174 85 varech
797 784 348 85 (Sables

351 839 174 64 4
482 839 189 64 Statuaire
613 839 160 64 (pastel).

341 879 191 71 5
484 879 159 71 Nymphe
580 879 175 71 (pastel).

345 938 188 72 6
486 938 141 72 Petit
581 938 125 72 chat
659 938 78 72 à
690 938 157 72 vendre
784 938 173 72 (pastel).

343 981 161 52 7
450 981 148 52 Portrait.

339 1026 158 66 8
444 1026 145 66 Portrait.

178 1144 161 97 ADAM
279 1144 262 97 (Louis).—
481 1144 141 97 46,
561 1144 202 97 avenue
703 1144 303 97 Parmentier,
925 1144 161 97 Paris.

328 1238 191 81 9
471 1238 191 81 Portrait
614 1238 95 81 de
662 1238 127 81 Mlle
742 1238 207 81 Gabrielle
885 1238 95 81 A...

297 1284 204 70 10
454 1284 172 70 Portait
579 1284 94 70 de
626 1284 125 70 Mlle
689 1284 94 70 B...

273 1340 253 72 *11
472 1340 127 72 Rue
544 1340 326 72 Saint-Vincent,
816 1340 90 72 à
834 1340 235 72 Montmartre.

272 1380 233 78 *12
456 1380 233 78 Crépuscule
639 1380 117 78 sur
705 1380 100 78 la
739 1380 133 78 Seine.

273 1426 230 79 *13
453 1426 164 79 Nature
568 1426 148 79 morte
650 1426 180 79 (pastel).

269 1482 244 73 *14
460 1482 227 73 Voulangis
618 1482 332 73 (Seine

267 1527 254 83 *15
467 1527 127 83 Rue
539 1527 327 83 Saint-Vincent,
812 1527 91 83 à
848 1527 254 83 Montmartre
1030 1527 145 83 (aqua

423 1582 150 56 relle).

190 1625 265 78 *16
398 1625 114 78 Un
455 1625 151 78 coin
550 1625 114 78 du
606 1625 170 78 Morin
720 1625 95 78 à
758 1625 322 78 Crécy-en-Brie
1004 1625 170 78 (Seine

412 1673 248 77 et

197 1797 113 101 (1)
262 1797 243 101 L’astérique
456 1797 146 101 placé
553 1797 81 101 à
585 1797 129 101 côté
666 1797 113 101 des
730 1797 178 101 numéros
860 1797 178 101 indique
989 1797 113 101 les
1038 1797 129 101 œuvres

161 1846 86 56 à
178 1846 155 56 vendre.

193 1887 97 73 On
241 1887 130 73 peut
323 1887 97 73 se
371 1887 211 73 procurer,
534 1887 97 73 au
582 1887 244 73 Secrétariat
777 1887 97 73 de
826 1887 244 73 lExposition
1021 1887 130 73 tous
1086 1887 81 73 les

157 1935 302 67 renseignements
409 1935 252 67 nécessaires
610 1935 84 67 à
644 1935 185 67 l’achat
778 1935 117 67 des
845 1935 218 67 ouvrages,
1013 1935 134 67 prix
1080 1935 84 67 des

158 1972 163 67 œuvres
272 1972 98 67 et
321 1972 195 67 adresses
467 1972 114 67 des
516 1972 163 67 auteurs.
