1556 2274
674 258 116 88 —
720 258 162 88 108
790 258 69 88 —

520 358 223 59 2050
699 358 149 59 Abbaye
803 358 89 59 de
847 358 193 59 Graville,
981 358 268 59 Sainte

521 402 213 62 2051
692 402 85 62 La
734 402 114 62 côte
805 402 242 62 Sainte-Marie,
1005 402 85 62 au
1033 402 114 62 Havre.

522 447 219 60 2052
698 447 88 60 La
742 447 205 60 Tréfilerie
903 447 146 60 Lazare
1005 447 161 60 Weiler,
1122 447 88 60 au
1151 447 117 60 Havre.

523 499 204 65 2053
686 499 136 65 Nuages
781 499 95 65 sur
836 499 81 65 la
863 499 149 65 montagne.

522 544 203 72 2054
685 544 135 72 Nuages
780 544 95 72 sur
834 544 81 72 la
861 544 149 72 montagne.

272 637 134 92 PUY
348 637 210 92 (Jean).
501 637 96 92 —
539 637 134 92 69,
616 637 134 92 rue
692 637 191 92 Lepic,
807 637 153 92 Paris.

347 720 281 70 2055
572 720 169 70 Femme
685 720 112 70 en
722 720 150 70 rouge.

332 774 256 59 *2056
540 774 160 59 Petite
652 774 144 59 fille
748 774 80 59 à
764 774 96 59 âne.

330 821 280 60 *2057
558 821 175 60 Nature
681 821 158 60 morte
769 821 175 60 d’hiver.

330 874 283 49 *2058
560 874 142 49 Bois
649 874 106 49 de
702 874 142 49 pins
791 874 106 49 au
826 874 230 49 crépuscule.

333 922 263 63 *2059
546 922 181 63 Petites
677 922 164 63 filles
776 922 164 63 cousant.

348 969 252 61 2060
550 969 118 61 Sur
617 969 118 61 une
667 969 168 61 falaise.

348 1020 278 70 2061
571 1020 130 70 Les
645 1020 222 70 flaneurs
811 1020 111 70 de
867 1020 185 70 Sauzon
978 1020 296 70 (Belle

533 1063 135 55 Mer.

331 1092 294 79 *2062
569 1092 147 79 Port
661 1092 110 79 de
716 1092 202 79 Sauzon,
863 1092 110 79 un
919 1092 147 79 beau
992 1092 147 79 matin.

270 1218 246 79 QUINTINIE
459 1218 170 79 (Léon
572 1218 113 79 de
629 1218 151 79 la).
723 1218 94 79 —
761 1218 132 79 34,
837 1218 132 79 rue
912 1218 113 79 de
969 1218 113 79 la
1007 1218 264 79 Faisanderie,

294 1268 149 63 Paris.

349 1317 267 84 2063
563 1317 124 84 Les
634 1317 160 84 vieux
740 1317 302 84 châtaigniers,
989 1317 213 84 derniers
1132 1317 142 84 rayons

557 1381 107 49 du
593 1381 160 49 soleil.

332 1413 289 63 *2964
567 1413 199 63 Matinée
712 1413 181 63 d’été,
838 1413 163 63 étang
947 1413 108 63 de
983 1413 289 63 Ville

332 1477 287 50 *2065
565 1477 233 50 Bouleaux,
744 1477 161 50 effet
834 1477 215 50 d’automne.

348 1525 296 60 2066
585 1525 217 60 Matinée
743 1525 276 60 d’automne,
960 1525 177 60 étang
1078 1525 118 60 de
1117 1525 158 60 Ville

538 1570 203 55 d’Avray.

349 1603 274 66 2067
568 1603 219 66 Automne,
733 1603 165 66 temps
824 1603 128 66 gris.

334 1659 261 63 *2068
545 1659 98 63 Le
578 1659 114 63 soir.

333 1702 289 75 *2069
567 1702 162 75 Notre
676 1702 144 75 mère
748 1702 108 75 Eve.

274 1796 196 84 RANSON
412 1796 314 84 (Paul-Elie).
666 1796 98 84 —
706 1796 157 84 175,
804 1796 216 84 boulev.
960 1796 235 84 Péreire,
1117 1796 157 84 Paris.

351 1878 282 73 2070
577 1878 188 73 Rocher
708 1878 113 73 du
765 1878 263 73 Vignemale,
971 1878 169 73 forêt
1065 1878 207 73 d’Escure.

334 1936 269 71 *2071
553 1936 101 71 Le
586 1936 118 71 parc.
