1556 2274
652 220 114 83 —
698 220 160 83 114
766 220 69 83 —

250 295 170 89 RUIZ
356 295 170 89 (Mme
462 295 170 89 Lola
568 295 170 89 de).
675 295 106 89 —
717 295 149 89 43,
802 295 149 89 rue
866 295 382 89 Godot

274 358 149 64 Paris.

330 435 266 58 2177
543 435 213 58 Portrait
703 435 107 58 de
756 435 107 58 la
810 435 213 58 marquise
969 435 107 58 de
1023 435 107 58 V.
1058 435 71 58 S.

331 484 257 62 2178
536 484 205 62 Portrait
690 484 103 62 de
741 484 103 62 M.
793 484 103 62 F.
844 484 103 62 de
878 484 103 62 R...

332 538 261 47 2179
541 538 209 47 Portrait
697 538 105 47 de
750 538 122 47 Mme
819 538 105 47 R.
872 538 105 47 de
906 538 105 47 R...

331 582 262 53 2180
540 582 210 53 Portrait
697 582 105 53 du
750 582 192 53 général
872 582 140 53 loung.

332 635 259 67 2181
539 635 207 67 Portrait
694 635 104 67 de
746 635 138 67 Mlle
833 635 190 67 Suzanne
953 635 104 67 D...

252 750 363 69 RYSSELBERGHE
547 750 204 69 (Théo
683 750 204 69 Van).
819 750 113 69 —
865 750 159 69 44,
955 750 159 69 rue
1023 750 227 69 Laugier,

276 806 149 59 Paris.

332 879 279 59 2183
556 879 186 59 Femmes
686 879 112 59 au
741 879 149 59 bord
834 879 112 59 de
890 879 112 59 la
927 879 112 59 mer.

336 936 227 55 2184
518 936 152 55 Petite
609 936 121 55 fille.

333 992 264 57 2185
544 992 123 57 Les
615 992 158 57 Pins,
702 992 264 57 Saint

335 1031 273 64 2186
553 1031 200 64 Marine,
681 1031 273 64 Saint

335 1079 268 75 2187
549 1079 196 75 Marine,
675 1079 196 75 Boulogne.

256 1213 240 83 SAINCÈRE
436 1213 180 83 (Mlle
555 1213 240 83 Jeanne).
735 1213 100 83 —
775 1213 140 83 30,
855 1213 140 83 rue
935 1213 120 83 de
975 1213 279 83 Mirosmesnil,

281 1279 149 59 Paris.

319 1352 264 61 *2188
534 1352 165 61 Fruits
633 1352 215 61 (abricots).

319 1407 282 56 *2189
548 1407 176 56 Fruits
671 1407 211 56 (raisins
830 1407 106 56 et
865 1407 176 56 pommes).

319 1455 264 60 *2190
534 1455 165 60 Fleurs
650 1455 198 60 (tulipes
798 1455 99 60 et
831 1455 215 60 violettes).

319 1504 285 56 *2191
551 1504 178 56 Fleurs
658 1504 232 56 (anémones).

319 1554 282 57 *2192
548 1554 176 57 Nature
654 1554 141 57 morte.

260 1689 208 81 SALWEN
406 1689 271 81 (Raguar).
614 1689 104 81 —
656 1689 146 81 39,
739 1689 146 81 rue
822 1689 271 81 Delambre,
1009 1689 167 81 Paris.

322 1778 290 74 *2193
540 1778 181 74 Madonna.

343 1841 238 55 2194
518 1841 174 55 Portrait.

342 1887 262 76 2195
551 1887 157 76 Lever
656 1887 105 76 du
708 1887 175 76 soleil
830 1887 105 76 en
865 1887 140 76 Suède.
