1556 2274
657 232 117 79 —
703 232 164 79 116
774 232 70 79 —

331 322 257 63 2213
537 322 103 63 La
588 322 154 63 Seine
691 322 103 63 et
743 322 103 63 le
794 322 137 63 pont
880 322 103 63 de
931 322 103 63 la
966 322 137 63 Jatte.

334 370 271 67 2214
551 370 199 67 L'étang
695 370 108 67 de
750 370 108 67 la
786 370 271 67 Bourdonnière.

338 414 241 61 2215
531 414 145 61 Effet
627 414 96 61 de
659 414 113 61 nuit.

331 460 258 63 2216
520 460 223 63 Crépuscule.

321 511 256 66 2217
526 511 188 66 Lisière
662 511 102 66 de
696 511 137 66 forêt.

324 557 272 71 2218
542 557 218 71 Pommiers
705 557 145 71 dans
796 557 127 71 les
850 557 182 71 seigles.

248 673 208 91 SÉGUIN
394 673 416 91 (Arsène-Gilles).
748 673 104 91 —
789 673 146 91 10,
872 673 146 91 rue
956 673 146 91 des
1018 673 229 91 Buissons,

286 731 103 71 à
327 731 123 71 la
368 731 390 71 Garenne

328 811 267 78 2219
542 811 142 78 Port
630 811 196 78 Solidor
755 811 302 78 (Saint

327 868 267 60 2220
541 868 178 60 Effets
665 868 107 60 de
718 868 160 60 neige
825 868 107 60 en
860 868 196 60 Hollande.

327 910 269 61 2221
542 910 161 61 Bords
649 910 107 61 de
703 910 107 61 la
739 910 143 61 Rance.

327 958 272 69 2222
544 958 199 69 Moulins
689 958 109 69 en
726 958 199 69 Hollande.

246 1086 201 83 SERMET
387 1086 262 83 (Robert).
588 1086 101 83 —
629 1086 121 83 9,
689 1086 141 83 rue
770 1086 242 83 Bergère,
931 1086 161 83 Paris.

502 1184 212 65 2223
672 1184 141 65 Meules
770 1184 226 65 ensoleillées
940 1184 198 65 (Normandie).

501 1234 212 72 2224
671 1234 142 72 Meules
770 1234 227 72 ensoleillées
940 1234 198 72 (Normandie).

502 1288 208 61 2225
668 1288 97 61 Ile
724 1288 83 61 de
765 1288 83 61 la
807 1288 138 61 Grande
904 1288 125 61 Jatte
987 1288 166 61 (matinée
1097 1288 125 61 d’été).

500 1332 205 73 2226
665 1332 96 73 Ile
719 1332 82 73 de
760 1332 82 73 la
801 1332 137 73 Grande
897 1332 123 73 Jatte
966 1332 205 73 (après

499 1385 210 71 2227
667 1385 98 71 Ile
723 1385 84 71 de
765 1385 84 71 la
807 1385 140 71 Grande
905 1385 126 71 Jatte
989 1385 168 71 (matinée
1115 1385 84 71 de
1143 1385 98 71 prin

508 1429 183 59 temps).

498 1476 218 69 2228
673 1476 131 69 Effet
760 1476 189 69 d’automne
891 1476 320 69 (Marne

322 1521 247 59 2229
519 1521 99 59 Le
568 1521 148 59 lever
650 1521 181 59 (pastel).

313 1567 250 67 2230
514 1567 134 67 Nuit
597 1567 150 67 d'été
680 1567 184 67 (pastel).

242 1710 248 64 SICKERT.
428 1710 103 64 –
449 1710 455 64 Neuville

319 1784 271 80 2231
536 1784 126 80 The
608 1784 145 80 Pork
698 1784 126 80 Pie
753 1784 108 80 Hat.

316 1850 293 79 2232
551 1850 195 79 Dieppe
687 1850 312 79 (appartenant
941 1850 98 79 à
980 1850 117 79 M.
1019 1850 215 79 Frédérick

505 1899 258 69 Fairbanks).
