1556 2274
660 204 119 90 —
708 204 166 90 126
779 204 71 90 —

318 279 285 82 *2419
549 279 160 82 Place
638 279 196 82 Pecqueur.

317 345 277 73 *2420
541 345 156 73 Place
645 345 207 73 Pecqueur
801 345 121 73 (la
853 345 138 73 nuit).

258 439 220 83 VILLÉON
418 439 261 83 (Emmanuel
619 439 120 83 de
679 439 160 83 la).
779 439 100 83 —
819 439 140 83 94,
899 439 140 83 rue
979 439 120 83 du
1040 439 160 83 Bac,
1120 439 140 83 Paris

512 517 200 79 *2421
674 517 125 79 Chemin
761 517 100 79 sous
823 517 75 79 la
848 517 100 79 neige.

513 574 207 75 *2422
681 574 78 75 Le
720 574 129 75 Chalet
811 574 129 75 Landry
889 574 129 75 (neige).

515 631 187 61 *2423
667 631 70 61 Le
703 631 82 61 Lac
738 631 140 61 (automne).

512 671 226 73 *2424
696 671 85 73 Le
738 671 113 73 saut
809 671 85 73 de
851 671 127 73 l’Eau
936 671 170 73 (panneau
1049 671 184 73 décoratif).

510 726 183 61 *2425
658 726 114 61 Vallée
738 726 68 61 de
772 726 68 61 la
795 726 91 61 Viège.

514 761 215 76 *2426
688 761 80 76 Le
728 761 148 76 torrent
835 761 161 76 (panneau
943 761 174 76 décoratif).

514 820 194 63 *2427
671 820 121 63 Chemin
756 820 73 63 de
780 820 109 63 Noréat.

514 867 193 75 *2428
671 867 121 75 Vallée
755 867 72 75 de
779 867 133 75 Noirvaux.

260 974 181 73 VITAL
380 974 201 73 LACAZE
521 974 261 73 (Joseph).
722 974 100 73 —
762 974 141 73 34,
842 974 141 73 rue
923 974 261 73 Lacépède,
1103 974 161 73 Paris.

517 1051 190 72 *2429
671 1051 166 72 Notre-Dame
790 1051 107 72 (Paris)

517 1110 192 57 *2430
673 1110 96 57 Coin
733 1110 72 57 de
757 1110 132 57 Gascogne.

517 1160 192 60 *2431
673 1160 96 60 Coin
733 1160 72 60 de
757 1160 132 60 Gascogne.

516 1207 193 58 *2432
672 1207 96 58 Coin
733 1207 72 58 de
757 1207 132 58 Gascogne.

518 1258 192 53 *2433
674 1258 96 53 Coin
734 1258 72 53 de
758 1258 132 53 Gascogne.

517 1310 194 62 *2434
674 1310 97 62 Coin
735 1310 73 62 de
759 1310 133 62 Gascogne.

263 1401 236 90 VUILLARD
441 1401 374 90 (Jean-Édouard).
756 1401 99 90 —
795 1401 138 90 28,
874 1401 138 90 rue
953 1401 256 90 Truffaut,
1130 1401 138 90 Paris

324 1478 276 65 *2435
548 1478 138 65 Port
617 1478 225 65 d’Honfleur.

324 1540 275 81 *2436
547 1540 137 81 Coin
633 1540 103 81 de
667 1540 172 81 fenêtre.

262 1648 131 82 DE
328 1648 197 82 WEERT
459 1648 175 82 (Mme
569 1648 219 82 Anna).
722 1648 110 82 —
766 1648 131 82 I,
832 1648 153 82 rue
919 1648 153 82 des
1007 1648 285 82 Hospices,
1204 1648 66 82 à

273 1710 168 68 Gand.

358 1757 165 84 D’un
462 1757 227 84 premier
606 1757 165 84 étage:

346 1814 259 82 2437
553 1814 208 82 Derniers
709 1814 173 82 rayons
813 1814 190 82 (pastel).

345 1883 264 78 2438
557 1883 159 78 Temps
662 1883 106 78 de
715 1883 159 78 pluie
803 1883 194 78 (pastel).
