1544 2268
366 271 253 100 2439
568 271 152 100 Matin
670 271 185 100 d’hiver
788 271 185 100 (pastel).

367 356 260 68 2440
574 356 139 68 Jour
661 356 156 68 morne
748 356 190 68 (pastel).

367 398 245 73 2441
563 398 212 73 L’hôpital
726 398 98 73 la
775 398 131 73 nuit
840 398 180 73 (pastel).

366 450 260 71 2442
574 450 104 71 La
626 450 226 71 floraison
800 450 122 71 des
869 450 156 71 ormes
956 450 191 71 (pastel).

363 502 283 75 2443
589 502 132 75 Mon
664 502 188 75 jardin
796 502 151 75 sous
891 502 113 75 la
947 502 170 75 neige
1060 502 245 75 (peinture
1230 502 57 75 à

576 550 182 63 l’huile).

280 678 274 89 WILLAUME
486 678 320 89 (Georges).
737 678 114 89 —
783 678 251 89 Daigny,
966 678 160 89 par
1035 678 251 89 Bazeilles

299 736 266 72 (Ardennes).

362 821 273 84 2444
580 821 109 84 Un
635 821 218 84 théâtre,
798 821 91 84 à
816 821 273 84 Pao

344 882 278 65 *2445
570 882 122 65 Rue
639 882 104 65 de
674 882 174 65 village,

363 931 256 56 2446
567 931 136 56 Dans
653 931 102 56 ia
687 931 119 56 cour.

343 975 269 66 *2447
562 975 118 66 Les
613 975 168 66 jardins.

280 1102 208 100 WITTIG
426 1102 291 100 (Édouard).
654 1102 104 100 —
696 1102 146 100 14,
779 1102 208 100 avenue
925 1102 125 100 du
987 1102 208 100 Maine,
1112 1102 166 100 Paris.

341 1201 289 94 *2448
576 1201 108 94 Le
630 1201 217 94 fardeau,
792 1201 235 94 cariatide
973 1201 181 94 plâtre
1099 1201 144 94 pour
1172 1201 108 94 être

568 1269 209 59 exécuté
720 1269 114 59 en
758 1269 171 59 pierre.

337 1297 302 88 *2449
583 1297 208 88 Destin,
734 1297 189 88 projet
866 1297 113 88 de
922 1297 208 88 tombeau
1054 1297 227 88 demi-

566 1362 153 61 deur
642 1362 230 61 naturelle.

337 1403 301 75 *2450
582 1403 113 75 Le
638 1403 263 75 chemineau,
845 1403 150 75 grès
939 1403 188 75 flammé
1070 1403 113 75 de
1108 1403 169 75 Méthey.

276 1539 262 73 YVONNEAU
472 1539 283 73 (Alfred).
690 1539 109 73 —
734 1539 153 73 rue
821 1539 131 73 de
887 1539 131 73 la
952 1539 218 73 Butte,
1105 1539 109 73 à
1126 1539 153 73 Blois

296 1600 318 81 (Loir

530 1684 244 79 *2451
728 1684 153 79 Dessus
835 1684 92 79 de
881 1684 137 79 porte
972 1684 214 79 décoratif.
1140 1684 107 79 «La
1186 1684 92 79 der-

565 1758 173 59 nière
680 1758 192 59 lettre
815 1758 115 59 de
873 1758 231 59 Clarisse
1027 1758 192 59 Harlow.»

532 1792 185 56 *2452
683 1792 93 56 Eaux
741 1792 69 56 de
764 1792 139 56 tanneries.

530 1840 224 86 *2453
712 1840 84 86 Le
754 1840 126 86 canal
838 1840 84 86 du
881 1840 140 86 Loing,
979 1840 70 86 à
993 1840 168 86 Montargis.

537 1894 119 64 *2454
626 1894 82 64 Portrait.
