1556 2274
249 279 174 101 BEBIN
364 279 212 101 (José).
519 279 96 101 —
557 279 116 101 5,
615 279 135 101 rue
692 279 135 101 des
770 279 289 101 Beaux-Arts,
982 279 154 101 Paris.

324 360 278 85 *142
546 360 222 85 Paysage,
712 360 167 85 ferme
823 360 111 85 de
879 360 222 85 Molesmes
1027 360 167 85 (Aube).

321 414 277 82 *143
542 414 222 82 Paysage,
709 414 166 82 ferme
820 414 111 82 du
875 414 203 82 Vannage
1005 414 166 82 (Aube).

320 467 283 67 *144
546 467 226 67 Paysage,
716 467 170 67 ferme
829 467 113 67 du
886 467 264 67 Ricey-Haut
1074 467 170 67 (Aube).

319 515 283 68 *145
545 515 226 68 Paysage,
715 515 170 68 ferme
828 515 113 68 du
885 515 264 68 Ricey-Haut
1073 515 170 68 (Aube).

318 563 289 73 *146
549 563 231 73 Paysage,
722 563 173 73 ferme
838 563 116 73 de
895 563 250 73 Normandie
1069 563 173 73 (Aube).

320 612 271 70 *147
537 612 217 70 Paysage,
700 612 163 70 bords
808 612 109 70 de
863 612 109 70 la
917 612 163 70 Marne
1007 612 163 70 (Aube).

317 659 271 69 *148
533 659 217 69 Paysage,
696 659 162 69 bords
804 659 108 69 de
858 659 108 69 la
912 659 162 69 Marne
1003 659 162 69 (Aube).

316 703 261 83 *149
525 703 209 83 Paysage,
681 703 192 83 Corbeil
803 703 157 83 (Aube).

234 835 149 83 BER
319 835 234 83 (Gaston
489 835 170 83 de).
596 835 107 83 —
638 835 170 83 111,
745 835 149 83 rue
830 835 128 83 de
894 835 128 83 la
958 835 192 83 Tour,
1065 835 170 83 Paris.

332 910 253 83 150
530 910 217 83 Académie
693 910 162 83 femme
801 910 180 83 rousse
909 910 199 83 (pastel).

333 964 229 79 151
512 964 196 79 Portrait
660 964 196 79 d’enfant
790 964 180 79 (pastel).

229 1066 230 104 BERLIOZ
397 1066 293 104 (Charles).
627 1066 105 104 —
669 1066 147 104 Rue
752 1066 126 104 du
815 1066 188 104 Bois,
941 1066 105 104 à
983 1066 188 104 Bréda
1087 1066 147 104 (Hol

247 1137 176 79 lande).

306 1203 270 96 *152
522 1203 180 96 Chènes
648 1203 180 96 blancs
756 1203 360 96 (Alpes

327 1273 258 71 153
529 1273 111 71 Le
584 1273 221 71 ruisseau
750 1273 147 71 dans
842 1273 111 71 la
898 1273 166 71 gorge
990 1273 239 71 (Cévennes).

303 1318 272 73 *154
521 1318 200 73 Sentier
666 1318 254 73 (printemps
865 1318 145 73 dans
956 1318 127 73 les
1010 1318 218 73 Cévennes).

303 1359 260 76 *155
510 1359 104 76 Le
562 1359 173 76 goulet
684 1359 104 76 de
718 1359 260 76 Villefranche.

323 1409 239 95 156
511 1409 102 95 Le
562 1409 171 95 Marais
681 1409 85 95 à
715 1409 171 95 Anvers
835 1409 154 95 (soir
937 1409 119 95 fin
988 1409 154 95 d’été).

223 1519 216 114 BERMOND
381 1519 177 114 (Mlle
499 1519 216 114 Marie).
656 1519 98 114 —
695 1519 157 114 208,
793 1519 197 114 avenue
931 1519 118 114 de
990 1519 197 114 Paris,
1108 1519 118 114 Cla

238 1598 148 60 mart.

320 1668 234 76 157
504 1668 134 76 Pont
588 1668 117 76 sur
638 1668 167 76 l’Agout.

319 1719 235 81 158
504 1719 151 81 Jeune
605 1719 151 81 fille
706 1719 185 81 sentant
840 1719 118 81 une
890 1719 118 81 rose.

320 1775 221 65 159
494 1775 142 65 Jeune
588 1775 142 65 fille
683 1775 79 65 à
698 1775 205 65 l’éventail.

316 1819 252 83 160
514 1819 180 83 Enfant
640 1819 198 83 courant
785 1819 108 83 au
839 1819 144 83 bord
929 1819 108 83 de
983 1819 108 83 la
1019 1819 108 83 mer.

316 1870 243 75 161
506 1870 191 75 Estampe
628 1870 208 75 originale.
