1544 2268
698 246 147 72 23
747 246 74 72 —

231 311 442 89 BOUDOT-LAMOTTE
600 311 344 89 (Maurice).
870 311 123 89 —
919 311 172 89 56,
1017 311 172 89 rue
1091 311 147 89 Dam-

275 387 204 55 martin,
424 387 93 55 à
461 387 352 55 Mantes-la-Jolie
739 387 334 55 (Seine

335 431 215 75 290
488 431 169 75 Portrait.

311 487 268 76 *291
525 487 161 76 Etude
632 487 89 76 à
650 487 357 76 Rilly

331 547 230 61 292
511 547 99 61 Au
561 547 164 61 jardin
659 547 214 61 (esquisse).

328 590 242 59 293
518 590 121 59 Coq
587 590 104 59 et
639 590 156 59 poule
743 590 156 59 (deux
829 590 225 59 esquisses).

329 642 240 62 294
518 642 120 62 Pot
586 642 103 62 de
638 642 137 62 grès
723 642 189 62 (nature
844 642 154 62 morte).

310 687 256 63 *295
515 687 102 63 La
566 687 188 63 théière
703 687 188 63 (nature
822 687 154 63 morte).

310 733 272 62 *296
528 733 181 62 Pommes
655 733 200 62 (nature
782 733 163 62 morte).

309 783 262 75 *297
518 783 192 75 Oranges
658 783 105 75 et
710 783 192 75 citrons
850 783 192 75 (nature
972 783 157 75 morte).

229 884 283 78 BOURGEOIS
447 884 261 78 (André).
643 884 109 78 —
687 884 152 78 19,
774 884 152 78 rue
861 884 131 78 du
904 884 327 78 Val

250 941 157 62 Paris.

328 1007 232 63 298
511 1007 83 63 6
528 1007 183 63 pochades.

326 1058 247 57 299
521 1058 212 57 Portrait
679 1058 106 57 de
732 1058 159 57 jeune
821 1058 141 57 homme.

307 1102 248 58 *300
488 1102 198 58 Farniente.

327 1150 226 67 301
504 1150 97 67 La
553 1150 210 67 bisaïeule
698 1150 210 67 (portrait).

325 1202 232 51 302
508 1202 199 51 Portrait
657 1202 100 51 de
690 1202 216 51 cuirassier.

321 1248 252 61 303
519 1248 108 61 La
573 1248 162 61 Marne
681 1248 90 61 à
717 1248 108 61 la
753 1248 180 61 Varenne.

326 1295 230 65 304
507 1295 82 65 A
539 1295 99 65 la
589 1295 148 65 lampe
671 1295 214 65 (portrait).

306 1346 231 71 *305
490 1346 92 71 Le
536 1346 169 71 Tour
660 1346 92 71 du
706 1346 262 71 Griffon,
921 1346 77 71 à
952 1346 185 71 Provins,
1090 1346 92 71 le
1121 1346 108 71 soir.

225 1446 241 76 BOUSQUET
405 1446 281 76 (Charles).
626 1446 100 76 —
666 1446 140 76 11,
746 1446 140 76 rue
826 1446 120 76 de
886 1446 120 76 la
946 1446 180 76 Tour,
1047 1446 160 76 Paris.

301 1521 273 77 *306
519 1521 164 77 Orage
628 1521 127 77 sur
701 1521 200 77 Duingt,
847 1521 127 77 lac
920 1521 218 77 d’Annecy
1065 1521 164 77 (Haute

474 1579 196 59 Savoie),

319 1619 242 74 307
509 1619 173 74 Duingt
630 1619 138 74 (lac
699 1619 207 74 d’Annecy).

301 1669 255 65 *308
505 1669 153 65 Matin
607 1669 136 65 (lac
675 1669 204 65 d’Annecy).

302 1718 252 59 *309
504 1718 286 59 L’arc-en-ciel
739 1718 134 59 (lac
806 1718 202 59 d’Annecy).

299 1766 259 66 *310
506 1766 121 66 Une
575 1766 155 66 ferme
678 1766 121 66 sur
747 1766 104 66 la
799 1766 190 66 falaise
920 1766 207 66 (Tréport).

299 1816 246 68 *311
495 1816 148 68 Allée
594 1816 131 68 sous
659 1816 115 68 bois.

297 1864 267 57 *312
510 1864 195 57 Automne
653 1864 142 57 sous
724 1864 124 57 bois.

299 1911 252 69 *313
501 1911 118 69 Fin
568 1911 185 69 d’hiver
702 1911 134 69 sous
769 1911 118 69 bois,
