1544 2268
303 245 220 73 540
476 245 94 73 Le
508 245 94 73 Var.

302 310 236 68 541
487 310 168 68 Cagnes
589 310 168 68 (matin).

202 451 229 62 CORDIER
369 451 396 62 (Albert-Louis).
702 451 104 62 —
744 451 125 62 La
785 451 417 62 Ferté

219 501 379 63 (Seine

303 575 251 66 542
501 575 108 66 La
554 575 216 66 Moisson,
716 575 108 66 le
770 575 180 66 matin,
896 575 90 66 à
932 575 108 66 La
968 575 233 66 Ferté

467 634 201 51 Jouarre.

301 676 247 53 543
496 676 106 53 Le
548 676 194 53 village
690 676 106 53 de
743 676 177 53 Reuil,
866 676 159 53 temps
954 676 177 53 orageux.

302 728 247 58 544
496 728 300 58 Bateau-Lavoir
743 728 123 58 sur
814 728 106 58 la
867 728 176 58 Marne,
990 728 88 58 à
1026 728 106 58 La
1061 728 141 58 Ferté

468 778 300 56 sous

298 829 268 52 545
509 829 326 52 Chrysanthèmes
777 829 153 52 dans
872 829 115 52 un
930 829 134 52 pot
987 829 211 52 allemand.

300 873 255 52 546
500 873 109 52 La
555 873 164 52 Marne
664 873 91 52 à
701 873 109 52 La
737 873 383 52 Ferté

300 921 257 56 547
502 921 110 56 Un
557 921 147 56 coin
649 921 110 56 de
704 921 110 56 La
759 921 404 56 Ferté-sous-Jouarre
1090 921 110 56 (vue

489 967 166 57 prise
599 967 166 57 d’une
691 967 203 57 fenêtre).

300 1011 243 62 548
491 1011 469 62 Courcelles-sous-Jouarre
890 1011 208 62 (S.

300 1066 264 55 549
508 1066 207 55 Village
658 1066 113 55 de
715 1066 226 55 Courboin
866 1066 207 55 (Aisne).»

200 1187 208 71 COULON
346 1187 250 71 (Henri).
533 1187 104 71 —
575 1187 146 71 37,
658 1187 146 71 rue
742 1187 125 71 de
783 1187 271 71 Châteaudun.

278 1273 252 68 *550
480 1273 151 68 Bords
581 1273 101 68 de
631 1273 101 68 la
665 1273 134 68 Seine.

278 1333 249 69 *551
478 1333 249 69 Fresselines
661 1333 249 69 (aquarelles).

279 1379 245 57 *552
475 1379 98 57 La
508 1379 147 57 Creuse.

293 1413 247 68 553
488 1413 106 68 Le
541 1413 230 68 confluent
717 1413 124 68 des
788 1413 141 68 deux
858 1413 177 68 Creuses.

276 1475 266 69 *554
489 1475 107 69 Le
543 1475 178 69 Moulin
667 1475 107 69 de
720 1475 160 69 Vervy
809 1475 195 69 (Creuse).

197 1601 222 75 COURCHÉ
358 1601 242 75 (Félix).
540 1601 101 75 —
580 1601 141 75 20,
661 1601 141 75 rue
741 1601 282 75 Demarquay,
943 1601 161 75 Paris.

276 1694 248 57 *555
475 1694 149 57 Jeune
574 1694 149 57 fille
673 1694 116 57 aux
739 1694 198 57 pivoines
871 1694 182 57 (pastel).

292 1750 248 60 556
487 1750 177 60 Usines
611 1750 265 60 électriques
823 1750 230 60 (faubourg
982 1750 212 60 St

277 1803 245 57 *557
473 1803 147 57 Jeune
571 1803 147 57 fille
668 1803 114 57 aux
734 1803 147 57 roses
815 1803 180 57 (pastel).

273 1843 264 79 *558
485 1843 123 79 Une
555 1843 176 79 ruelle
678 1843 88 79 à
714 1843 194 79 Taverny
837 1843 317 79 (Seine
