1556 2268
696 212 121 85 —
744 212 145 85 38
793 212 73 85 —

282 299 267 71 DAVIDENKO
487 299 164 71 (Mme
589 299 185 71 Elise
712 299 164 71 de).
815 299 103 71 —
856 299 144 71 17,
938 299 144 71 rue
999 299 287 71 Boissonnade,

304 363 156 57 Paris.

363 422 261 70 *595
571 422 226 70 Souvenirs
745 422 104 70 de
798 422 157 70 Corse
885 422 191 70 (dessin).

364 486 261 48 *596
572 486 226 48 Souvenirs
746 486 104 48 de
798 486 156 48 Corse
885 486 191 48 (dessin).

363 533 262 57 *597
572 533 227 57 Souvenirs
747 533 105 57 de
799 533 157 57 Corse
887 533 192 57 (dessin).

365 585 260 49 *598
573 585 226 49 Souvenirs
746 585 104 49 de
798 585 156 49 Corse
885 585 191 49 (dessin).

365 632 262 47 *599
574 632 227 47 Souvenirs
748 632 105 47 de
801 632 157 47 Corse
888 632 192 47 (dessin).

365 676 262 46 *600
574 676 227 46 Souvenirs
749 676 105 46 de
801 676 157 46 Corse
889 676 192 46 (dessin).

365 725 263 69 *601
576 725 228 69 Souvenirs
751 725 105 69 de
804 725 158 69 Corse
891 725 193 69 (dessin).

285 845 236 77 DEBORNE
456 845 278 77 (Robert).
670 845 107 77 —
713 845 150 77 23.
799 845 150 77 rue
863 845 428 77 Denfert

307 920 156 56 Paris.

388 986 255 65 602
588 986 164 65 Femme
698 986 219 65 ajustant
862 986 128 65 son
917 986 164 65 corset.

387 1052 264 44 603
595 1052 170 44 Femme
708 1052 132 44 aux
764 1052 208 44 estampes.

392 1096 248 50 604
569 1096 284 50 Chrysanthèmes.

392 1132 243 55 605
583 1132 104 55 Le
635 1132 295 55 Pont-Vieuxsur
878 1132 278 55 l’Escoutail,
1103 1132 87 55 à
1120 1132 174 55 Viviers.

392 1186 252 54 606
590 1186 108 54 Le
644 1186 180 54 rocher
770 1186 108 54 de
824 1186 324 54 Château-Vieux,
1095 1186 90 54 à
1113 1186 180 54 Viviers.

391 1229 255 57 607
591 1229 164 57 Route
701 1229 219 57 longeant
865 1229 109 57 un
919 1229 146 57 mur,
1011 1229 91 57 à
1029 1229 182 57 Viviers.

393 1284 231 54 608
575 1284 116 54 Vue
641 1284 99 54 de
691 1284 198 54 Viviers,
839 1284 99 54 le
872 1284 116 54 soir.

393 1330 237 63 609
579 1330 118 63 Vue
647 1330 102 63 de
698 1330 203 63 Viviers,
850 1330 102 63 le
884 1330 135 63 matin.

296 1454 197 77 DEBRAUX
439 1454 215 77 (René).—
601 1454 107 77 13
654 1454 269 77 bis
869 1454 125 77 rue
941 1454 107 77 du
995 1454 197 77 Marché,
1120 1454 179 77 Neuilly

311 1516 239 68 sur

375 1590 268 64 *610
590 1590 143 64 Dans
679 1590 107 64 la
733 1590 214 64 montagne
875 1590 197 64 (Suisse).

377 1648 260 59 *611
585 1648 104 59 Un
637 1648 173 59 chemin
758 1648 104 59 le
793 1648 121 59 soir.

376 1691 271 57 *612
592 1691 108 57 La
647 1691 162 57 route
755 1691 108 57 du
809 1691 325 57 Col-des-Roches
1062 1691 198 57 (Suisse).

377 1742 277 54 *613
598 1742 111 54 La
654 1742 185 54 vallée
783 1742 129 54 des
857 1742 203 54 Brenets
1004 1742 222 54 (Suisse)
1152 1742 148 54 (pano

541 1792 176 57 rama).

376 1822 274 67 *614
595 1822 109 67 La
649 1822 164 67 route
759 1822 109 67 de
813 1822 237 67 Monthodon
996 1822 182 67 (temps
1105 1822 146 67 gris).

378 1885 263 69 *615
589 1885 210 69 Derniers
747 1885 175 69 rayons
869 1885 123 69 sur
939 1885 105 69 la
974 1885 123 69 dune.
