1544 2268
317 327 239 80 659
505 327 137 80 Parc
590 327 188 80 Monceau
709 327 137 80 (été).

314 389 257 68 660
516 389 184 68 Madame
644 389 110 68 et
699 389 110 68 sa
736 389 165 68 nounou.

314 434 240 60 661
502 434 171 60 Bonnes
605 434 205 60 anglaises.

313 486 234 70 662
497 486 134 70 Coin
581 486 100 70 de
631 486 134 70 fête
714 486 117 70 (La
764 486 184 70 Bouille).

312 536 241 64 663
501 536 138 64 Sacl
587 536 86 64 a
621 536 103 64 et
673 536 138 64 mère
742 536 138 64 Pouve.

210 683 232 71 DELIGNY
379 683 401 71 (Hubert-Henri).
717 683 106 71 —
759 683 169 71 168,
865 683 254 71 faubourg
1034 683 169 71 Saint-

248 746 223 70 Honoré,
390 746 162 70 Paris.

284 847 280 67 *664
509 847 112 67 Au
565 847 150 67 camp
658 847 112 67 de
714 847 262 67 Coëtquidan
901 847 243 67 (Morbihan).

285 893 256 64 *865
490 893 102 64 La
541 893 154 64 Seine
643 893 102 64 au
695 893 137 64 pont
763 893 256 64 d’Austerlitz.

300 943 253 74 666
498 943 108 74 Le
553 943 180 74 viaduc
679 943 108 74 de
733 943 216 74 Wimereux
877 943 325 74 (Pas

299 988 252 62 667
497 988 108 62 La
551 988 180 62 vallée
677 988 108 62 de
731 988 216 62 Wimereux
894 988 108 62 et
948 988 108 62 le
1002 988 198 62 village
1128 988 72 62 de

449 1039 215 52 Wimille.

282 1073 253 74 *668
484 1073 168 74 Joueur
602 1073 101 74 de
636 1073 168 74 guitare.

279 1128 275 75 *669
499 1128 110 75 Le
554 1128 275 75 laboratoire
773 1128 110 75 de
828 1128 110 75 la
883 1128 183 75 Pointe
1012 1128 128 75 aux
1067 1128 128 75 Oies,

468 1193 158 56 près
567 1193 119 56 de
626 1193 237 56 Wimereux
784 1193 356 56 (Pas

278 1219 276 86 *670
498 1219 202 86 Enfants
645 1219 110 86 au
701 1219 129 86 bas
774 1219 165 86 d’une
884 1219 147 86 dune
976 1219 110 86 de
1032 1219 184 86 sable,
1142 1219 55 86 à

468 1275 242 69 Wimereux
629 1275 363 69 (Pas

197 1424 239 88 DELTOMBE
376 1424 358 88 (Paul-Edmond).
675 1424 99 88 —
714 1424 139 88 12,
794 1424 139 88 rue
854 1424 338 88 Charles

447 1484 149 67 Paris.

289 1582 232 57 671
471 1582 165 57 Groupe
571 1582 99 57 gai.

288 1630 229 63 672
468 1630 164 63 Sapins
566 1630 229 63 ensoleillés.

290 1674 226 62 673
467 1674 97 62 La
516 1674 178 62 vieille
629 1674 129 62 ferme.

284 1724 236 56 674
469 1724 168 56 Jardin
587 1724 101 56 en
621 1724 118 56 Août.

291 1769 241 65 675
480 1769 224 65 Lointains
652 1769 138 65 dans
738 1769 121 65 les
790 1769 155 65 Vosges.

301 1821 242 65 676
491 1821 156 65 terre
595 1821 156 65 rouge
698 1821 138 65 dans
785 1821 121 65 les
836 1821 156 65 Vosges.

284 1865 232 58 677
467 1865 183 58 Cloître
600 1865 100 58 de
633 1865 199 58 Saint

283 1913 225 56 678
460 1913 96 56 Le
508 1913 145 56 petit
588 1913 145 56 jardin.
