1544 2268
242 276 170 84 FÉLIX
356 276 341 84 (Léon-Pierre).
639 276 95 84 —
677 276 132 84 88,
753 276 170 84 boul.
866 276 227 84 Péreire,
1018 276 151 84 Paris.

318 361 255 66 *823
522 361 119 66 Les
590 361 204 66 falaises
742 361 102 66 de
776 361 340 66 St

316 424 270 65 *824
532 424 108 65 En
586 424 234 65 Province:
766 424 216 65 Vieilles
929 424 144 65 gens
1019 424 108 65 et
1055 424 180 65 vieilles

483 476 211 48 maisons.

318 516 239 57 *825
509 516 96 57 Le
557 516 159 57 trèfle
653 516 127 57 rouge.

314 561 277 79 *826
535 561 129 79 Les
609 561 203 79 petites
756 561 203 79 Dalles,
904 561 166 79 brume
1015 561 221 79 matinale
1162 561 74 79 et

488 618 152 49 soleil.

316 649 249 72 *827
515 649 99 72 Le
548 649 133 72 Nuage.

314 703 266 67 *828
527 703 248 67 Après-midi
704 703 213 67 d'automne.

314 760 263 56 *829
525 760 105 56 La
578 760 158 56 Seine
683 760 105 56 au
736 760 140 56 Pont
823 760 281 56 d’Austerlitz
1052 760 105 56 en
1087 760 140 56 hiver.

310 804 272 67 *830
528 804 109 67 La
582 804 163 67 vague
691 804 91 67 —
727 804 145 67 gros
800 804 145 67 temps.

230 926 229 60 FESNEAU
397 926 417 60 (Auguste-Henri).
751 926 104 60 —
793 926 146 60 18,
876 926 208 60 avenue
1001 926 229 60 Philippe-

269 989 235 62 Auguste,
426 989 157 62 Paris.

311 1074 274 50 *831
530 1074 110 50 La
585 1074 347 50 Gorge-aux-Loups
859 1074 329 50 (Fontainebleau).

310 1124 254 54 *832
513 1124 135 54 Vent
598 1124 186 54 d’ouest
716 1124 186 54 (marine).

311 1175 239 49 *833
503 1175 144 49 Neige
598 1175 96 49 et
630 1175 144 49 soleil.

307 1208 266 67 *834
520 1208 106 67 La
573 1208 160 67 Basse
680 1208 124 67 des
750 1208 160 67 Rupts
839 1208 195 67 (Vosges).

306 1268 268 45 *835
520 1268 107 45 Le
574 1268 125 45 lac
645 1268 107 45 de
699 1268 268 45 Retournemer
896 1268 196 45 (Vosges).

307 1316 262 57 *836
516 1316 157 57 Etude
620 1316 105 57 de
673 1316 227 57 crevettes
847 1316 192 57 (nature
969 1316 157 57 morte).

305 1361 262 50 *837
514 1361 244 50 Bouilloire
706 1361 209 50 anglaise
863 1361 192 50 (nature
985 1361 157 50 morte).

304 1411 256 63 *838
509 1411 188 63 Citrons
646 1411 188 63 (nature
765 1411 154 63 morte).

228 1537 191 57 FLEURY
361 1537 401 57 (Georges-Pierre).
705 1537 95 57 —
743 1537 134 57 44,
819 1537 134 57 rue
896 1537 134 57 des
972 1537 172 57 Bois,
1067 1537 153 57 Paris.

323 1624 225 65 839
500 1624 129 65 Coin
580 1624 209 65 d’atelier
725 1624 161 65 (chats).

321 1676 233 64 840
504 1676 116 64 Les
554 1676 166 64 Figeons.

321 1726 235 60 841
506 1726 134 60 Fond
590 1726 101 60 de
623 1726 151 60 jardin.

321 1766 232 62 842
504 1766 116 62 Pot
570 1766 99 62 de
619 1766 166 62 fleurs
735 1766 116 62 sur
785 1766 149 62 chaise.

322 1824 214 57 843
490 1824 107 57 Pot
551 1824 92 57 de
582 1824 122 57 lilas.

322 1871 219 52 844
494 1871 203 52 Intérieur
635 1871 172 52 (figure).
