1556 2274
348 302 227 73 845
510 302 162 73 Maisons.

350 362 214 79 846
518 362 138 79 Petit
595 362 107 79 chat.

248 469 234 92 FLORÈS
411 469 514 92 (Ricardo-Georges).
856 469 140 92 6,
926 469 164 92 rue
996 469 257 92 Vercingé-

292 535 176 74 torix,
398 535 141 74 Paris.

351 599 213 77 847
503 599 167 77 Portrait.

329 665 261 58 *848
538 665 244 58 Chaumières
729 665 87 58 à
764 665 174 58 Ploaré
868 665 244 58 (Finistère).

327 711 272 59 *849
544 711 253 59 Chaumières
743 711 91 59 à
779 711 253 59 Douarnenez
961 711 253 59 (Finistère).

329 759 269 68 *850
544 759 251 68 Chaumières
742 759 90 68 à
778 759 162 68 Clécy
868 759 233 68 (Calvados).

330 809 260 65 *851
537 809 121 65 Rue
607 809 87 65 à
624 809 173 65 Alençon.

331 852 257 61 *852
536 852 171 61 Petite
656 852 171 61 église
776 852 103 61 de
827 852 171 61 Moëlan
930 852 239 61 (Finistère).

330 910 266 50 *853
543 910 106 50 Le
596 910 142 50 port
685 910 106 50 de
738 910 248 50 Douarnenez
915 910 248 50 (Finistère).

331 954 262 63 *854
540 954 105 63 Le
592 954 174 63 Noyer,
714 954 157 63 Clécy
801 954 227 63 (Calvados).

255 1067 272 77 FLUCHAIRE
464 1067 272 77 (Octave).
673 1067 104 77 —
715 1067 167 77 102,
819 1067 146 77 rue
903 1067 125 77 du
945 1067 313 77 Cherche

274 1134 152 60 Paris.

353 1187 245 73 855
545 1187 210 73 Portrait
684 1187 175 73 d’homme.

353 1255 247 57 856
547 1255 176 57 Nature
671 1255 176 57 morte,
777 1255 194 57 légumier.

355 1294 234 67 857
539 1294 151 67 Effet
640 1294 100 67 de
690 1294 151 67 neige
790 1294 117 67 sur
857 1294 117 67 les
907 1294 134 67 Alpes.

355 1348 236 62 858
541 1348 152 62 Effet
642 1348 101 62 de
693 1348 152 62 neige
794 1348 118 62 sur
861 1348 118 62 les
912 1348 135 62 Alpes.

355 1394 236 64 859
541 1394 118 64 Fin
608 1394 101 64 de
659 1394 135 64 jour
743 1394 118 64 sur
810 1394 118 64 les
861 1394 135 64 Alpes.

354 1440 264 64 860
561 1440 207 64 Paysage
712 1440 169 64 après
825 1440 113 64 la
881 1440 169 64 pluie
976 1440 282 64 (Luxembourg).

356 1491 251 60 861
553 1491 215 60 Paysage,
714 1491 197 60 automne
857 1491 125 60 sur
929 1491 125 60 les
983 1491 143 60 Alpes.

357 1539 237 70 862
543 1539 203 70 Paysage,
695 1539 169 70 soleil
813 1539 152 70 après
915 1539 186 70 l’orage
1033 1539 169 70 (Alpes).

260 1647 251 87 FONTANET
448 1647 293 87 (Raymond).
678 1647 105 87 —
720 1647 146 87 31,
804 1647 146 87 rue
887 1647 188 87 Cler,
992 1647 167 87 Paris.

339 1734 259 74 *863
546 1734 104 74 La
598 1734 121 74 rue
667 1734 190 74 Berthou
788 1734 173 74 (Passy).

339 1804 263 63 *864
550 1804 158 63 Effet
655 1804 105 63 de
708 1804 158 63 neige
813 1804 105 63 au
866 1804 140 63 quai
954 1804 105 63 de
989 1804 140 63 Passy.

339 1854 260 56 *865
547 1854 139 56 Pont
634 1854 104 56 de
686 1854 104 56 la
720 1854 191 56 Concorde.

342 1900 244 71 *866
537 1900 211 71 Trocadéro
683 1900 179 71 (soleil).
