1556 2274
276 331 242 88 FOURNIER
457 331 262 88 (Marcel).
658 331 101 88 —
699 331 141 88 31,
779 331 141 88 rue
860 331 262 88 Fontaine,
1041 331 161 88 Paris.

352 435 261 62 *886
560 435 174 62 Buines
682 435 104 62 du
734 435 191 62 château
874 435 244 62 d’Hérisson
1065 435 122 62 (le
1117 435 157 62 matin).

352 492 253 45 *887
555 492 186 45 Village
690 492 236 45 d’Hérisson
875 492 118 45 (le
926 492 152 45 matin).

354 539 256 55 *888
559 539 120 55 Les
610 539 188 55 Moissons.

351 575 278 83 *889
574 575 204 83 Prairie
722 575 111 83 en
777 575 278 83 Bourbonnais
999 575 222 83 (matinée
1147 575 130 83 d’au

521 639 190 52 tomne).

355 678 256 52 *890
560 678 154 52 Lever
663 678 103 52 de
714 678 171 52 soleil
834 678 103 52 au
885 678 222 52 printemps
1039 678 239 52 (chandelle).

355 731 250 56 *891
555 731 117 56 Les
605 731 150 56 Meules.

354 770 268 58 *892
568 770 161 58 Gorge
675 770 107 58 de
729 770 232 58 l’Aumance
890 770 178 58 (étude).

354 833 274 51 *893
573 833 201 51 Matinée
719 833 238 51 d’automne
884 833 219 51 (pochade).

280 957 266 68 FOURNIÈRE
484 957 266 68 (G.-M.-J.
688 957 123 68 de
750 957 164 68 la).
852 957 102 68 —
893 957 123 68 4,
954 957 164 68 Cité
1056 957 245 68 d’Antin,
1220 957 61 68 à

320 1018 162 78 Brest
410 1018 252 78 (Finistère).

359 1102 235 69 *894
547 1102 94 69 La
579 1102 188 69 clairière.

359 1157 241 62 *895
552 1157 96 62 Le
584 1157 96 62 gué.

361 1197 244 59 *896
556 1197 130 59 Dans
638 1197 98 59 le
687 1197 130 59 port
768 1197 163 59 (effet
882 1197 98 59 de
915 1197 130 59 soir).

361 1258 261 50 *897
569 1258 139 50 Sous
657 1258 139 50 bois
726 1258 209 50 (automne).

360 1298 264 68 *898
572 1298 176 68 Retour
695 1298 106 68 de
747 1298 158 68 pêche
835 1298 194 68 (marine).

380 1348 241 60 899
569 1348 155 60 Calme
672 1348 138 60 plat
741 1348 189 60 (marine).

363 1395 250 56 *900
564 1395 150 56 Bords
664 1395 100 56 de
697 1395 167 56 rivière.

283 1518 274 81 FOURREAU
489 1518 433 81 (Armand-Félix).
854 1518 114 81 —
899 1518 160 81 16,
990 1518 160 81 rue
1082 1518 137 81 de
1127 1518 160 81 Siam,

307 1585 152 66 Paris.

385 1637 249 67 901
581 1637 107 67 Le
634 1637 125 67 Val
705 1637 142 67 vers
777 1637 213 67 Dampierre.

386 1703 245 59 902
578 1703 193 59 Paysage
718 1703 105 59 de
753 1703 175 59 courses.

387 1750 255 60 903
587 1750 128 60 Aux
642 1750 310 60 Champs

387 1793 247 64 904
581 1793 106 64 La
634 1793 176 64 maison
758 1793 106 64 du
793 1793 141 64 poète.

388 1839 256 64 905
589 1839 110 64 Au
643 1839 164 64 champ
735 1839 310 64 d’entraînement.

389 1892 246 49 906
582 1892 105 49 Le
635 1892 193 49 château
775 1892 105 49 de
810 1892 211 49 Bagatelle.

390 1939 241 72 907
579 1939 103 72 De
631 1939 103 72 la
683 1939 138 72 côte
769 1939 103 72 de
803 1939 190 72 Suresnes.
