1556 2274
306 317 194 84 FRIESZ
441 317 233 84 (Othon).
616 317 97 84 —
655 317 136 84 72,
732 317 155 84 quai
830 317 136 84 des
907 317 252 84 Orfèvres,
1082 317 155 84 Paris.

384 403 248 69 *930
582 403 99 69 Le
631 403 248 69 châtaignier
813 403 149 69 (soir).

382 464 267 57 *931
599 464 100 57 La
650 464 167 57 Creuse
767 464 184 57 (soleil
884 464 200 57 couchant).

382 507 262 50 *932
591 507 105 50 La
643 507 174 50 Creuse
748 507 209 50 (matinée).

403 562 228 58 933
582 562 146 58 Plein
679 562 163 58 soleil
777 562 179 58 (Creuse).

383 605 238 54 *934
558 605 174 54 L’averse.

383 654 260 53 *935
591 654 104 53 La
643 654 156 53 Roche
747 654 191 53 (soleil
869 654 208 53 couchant).

341 701 266 61 *936
554 701 142 61 Soir
642 701 142 61 (rue
731 701 106 61 de
766 701 195 61 Falaise).

385 748 233 62 *937
556 748 187 62 Intérieur.

307 850 313 58 FROBERVILLE
557 850 188 58 (DE).
682 850 104 58 —
724 850 146 58 II,
808 850 146 58 rue
891 850 334 58 Boissonnade,
1141 850 167 58 Paris.

385 930 270 64 *938
601 930 144 64 Enée
691 930 270 64 rencontrant
889 930 144 64 Vénus.

384 983 276 49 *939
604 983 239 49 Embuscade
788 983 110 49 de
825 983 202 49 brigands.

388 1029 229 55 *940
556 1029 137 55 Pastel.

403 1078 215 53 941
556 1078 169 53 Portrait.

403 1126 246 57 942
597 1126 228 57 Flambeaux
772 1126 105 57 et
825 1126 193 57 encrier
948 1126 246 57 (sculpture).

312 1239 188 75 FULLER
444 1239 282 75 (D.-T.-S.).
669 1239 94 75 —
706 1239 131 75 24,
782 1239 131 75 rue
857 1239 225 75 Pigalle,
1007 1239 150 75 Paris.

407 1304 248 72 943
602 1304 159 72 Peaux
709 1304 177 72 rouges
833 1304 195 72 pêchant
974 1304 89 72 à
1010 1304 106 72 la
1045 1304 142 72 lance.

308 1414 491 76 GABRIEL-ROUSSEAU.
728 1414 117 76 —
775 1414 187 76 102,
892 1414 164 76 rue
985 1414 140 76 de
1032 1414 280 76 Longchamp,

333 1478 151 66 Paris.

389 1524 271 71 *944
606 1524 181 71 Paris:
732 1524 108 71 Le
786 1524 235 71 boulevard
967 1524 108 71 de
1021 1524 108 71 la
1057 1524 217 71 Madeleine.

391 1591 254 62 *945
595 1591 102 62 La
645 1591 119 62 rue
696 1591 153 62 Royale.

391 1637 259 64 *946
598 1637 103 64 La
649 1637 155 64 place
735 1637 259 64 Saint

391 1687 267 63 *947
605 1687 107 63 La
658 1687 160 63 Seine
765 1687 107 63 au
819 1687 142 63 pont
908 1687 125 63 des
961 1687 267 63 Saints

316 1785 194 85 GATIER
451 1785 252 85 (Pierre).
645 1785 97 85 —
684 1785 136 85 55,
761 1785 136 85 rue
839 1785 136 85 des
916 1785 252 85 Abbesses,
1091 1785 155 85 Paris.

394 1861 265 79 *948
606 1861 106 79 Au
659 1861 177 79 Jardin
783 1861 124 79 des
836 1861 212 79 Supplices.

395 1922 248 67 *949
594 1922 149 67 Petit
693 1922 132 67 coin
759 1922 182 67 agréable.
