1556 2274
712 199 123 60 —
761 199 147 60 60
810 199 74 60 —

362 263 283 77 *1048
592 263 159 77 Jeune
698 263 159 77 femme
786 263 159 77 (face).

362 330 288 49 *1049
596 330 180 49 Vallée
722 330 108 49 du
758 330 216 49 Mont

360 376 300 64 *1050
604 376 169 64 Route
717 376 113 64 de
773 376 113 64 La
810 376 338 64 Tour

362 425 265 51 *1051
577 425 149 51 Jeune
677 425 149 51 fille
759 425 149 51 rousse.

380 472 267 59 1052
594 472 107 59 La
647 472 178 59 Marne,
772 472 178 59 soleil
878 472 196 59 couchant.

382 516 262 58 1053
591 516 157 58 Grand
696 516 157 58 canal
801 516 105 58 de
853 516 262 58 Versailles,
1046 516 122 58 soir.

301 662 292 69 GRASS-MICK
531 662 480 69 (Augustin-Georges).
948 662 104 69 —
989 662 146 69 67,
1073 662 146 69 rue
1135 662 167 69 Lepic,

324 722 149 56 Paris.

555 798 182 53 1054
701 798 122 53 Moulin
786 798 73 53 de
822 798 73 53 la
846 798 122 53 Galette.

555 851 177 55 1055
697 851 141 55 Portrait
803 851 71 55 de
838 851 82 55 Mme
873 851 71 55 H...

553 900 191 54 1056
706 900 76 54 Au
744 900 140 54 théâtre
846 900 76 54 de
872 900 140 54 l’OEuvre.

554 946 179 64 1057
697 946 72 64 La
733 946 119 64 partie
817 946 72 64 de
841 946 107 64 jaquet.

554 997 180 59 1058
698 997 72 59 Au
734 997 120 59 Moulin
806 997 96 59 rouge.

552 1045 206 47 1059
717 1045 82 47 Au
758 1045 137 47 Moulin
854 1045 123 47 rouge
936 1045 96 47 (le
978 1045 178 47 quadrille).

552 1094 204 56 1060
716 1094 68 56 A
743 1094 163 56 Robinson
866 1094 123 56 (café
934 1094 163 56 chantant).

556 1139 198 64 1061
714 1139 106 64 Neuf
781 1139 132 64 études
873 1139 119 64 (vues
953 1139 79 64 de
979 1139 119 64 Paris).

298 1272 252 65 GRIMARD
482 1272 229 65 (Max).
642 1272 115 65 —
688 1272 252 65 Binard,
871 1272 161 65 par
940 1272 367 65 Sainte-

338 1332 203 69 Grande
459 1332 244 69 (Gironde).

556 1416 186 68 1062
704 1416 87 68 Pré
754 1416 74 68 en
791 1416 99 68 juin
840 1416 149 68 (Gironde).

553 1476 210 60 1063
721 1476 98 60 Les
777 1476 154 60 Passes,
889 1476 140 60 bassin
973 1476 182 60 d’Arcachon.

554 1523 210 58 1064
722 1523 154 58 Matinée
834 1523 84 58 de
875 1523 126 58 gelée
945 1523 182 58 (Dordogne).

556 1574 229 60 1065
739 1574 214 60 Bourrasque
907 1574 138 60 après
999 1574 92 60 la
1045 1574 138 60 neige
1122 1574 184 60 (Gironde).

551 1617 241 65 1066
744 1617 96 65 Le
792 1617 161 65 bassin
904 1617 225 65 d’Arcachon
1081 1617 80 65 à
1113 1617 177 65 travers
1226 1617 80 65 les

588 1663 167 62 pins,
700 1663 223 62 Moulleau
849 1663 167 62 (soir).

552 1708 226 70 1067
733 1708 151 70 Grande
838 1708 136 70 dune,
929 1708 151 70 bassin
1035 1708 211 70 d’Arcachon
1185 1708 121 70 (effet

587 1759 122 66 du
627 1759 183 66 matin).

552 1800 230 84 1068
735 1800 168 84 Château
858 1800 92 84 de
904 1800 199 84 Chaumont,
1057 1800 138 84 après
1149 1800 92 84 la
1180 1800 123 84 pluie.

554 1854 184 78 1069
701 1854 172 78 Angoulême,
824 1854 86 78 midi.
