1544 2268
638 229 126 76 —
663 229 101 76 65

283 316 285 64 *1165
515 316 125 64 Les
586 316 232 64 terrasses
765 316 107 64 de
818 316 250 64 St-Palais,
1014 316 143 64 près
1085 316 143 64 Royan.

284 373 293 67 *1166
522 373 110 67 La
577 373 165 67 ferme
687 373 110 67 du
741 373 183 67 garde,
870 373 92 67 à
888 373 238 67 Port

226 498 242 71 HUGONNET
407 498 242 71 (Aloys).
589 498 101 71 —
629 498 141 71 10,
710 498 181 71 place
831 498 262 71 d’Italie,
1032 498 202 71 Paris,
1153 498 81 71 et

265 552 96 73 à
303 552 193 73 Morges
419 552 212 73 (Suisse).

285 633 285 72 *1167
517 633 178 72 Lèvres
641 633 178 72 rouges
766 633 107 72 et
819 633 142 72 rose
891 633 142 72 jaune.

284 692 303 56 *1168
531 692 171 56 Femme
644 692 95 56 à
682 692 114 56 la
720 692 133 56 moue.

307 729 257 64 1169
512 729 120 64 Les
581 729 171 64 villas
701 729 103 64 de
752 729 154 64 l’Ile
838 729 325 64 Sainte

287 790 282 48 *1170
517 790 176 48 Saules
640 790 106 48 au
693 790 176 48 soleil
799 790 194 48 couchant.

306 839 257 53 1171
511 839 222 53 Peupliers
682 839 103 53 et
734 839 137 53 toit
802 839 137 53 rouge.

286 882 282 66 *1172
515 882 141 66 Toit
604 882 159 66 rouge
709 882 123 66 par
780 882 106 66 la
815 882 141 66 neige.

231 1020 150 46 IBELS
331 1020 333 46 (Henri-Gabriel).
615 1020 83 46 —
648 1020 100 46 14
698 1020 250 46 bis,
898 1020 117 46 rue
964 1020 200 46 Marbeuf,
1098 1020 133 46 Paris.

483 1082 202 90 *1173
647 1082 76 90 Le
685 1082 151 90 jugement
799 1082 76 90 de
824 1082 101 90 Pâris.

489 1155 101 54 *1174
565 1155 44 54 Léda.

483 1197 183 53 *1175
631 1197 126 53 Hercule
723 1197 69 53 et
746 1197 91 53 Cacus.

482 1238 220 63 *1176
661 1238 82 63 La
702 1238 179 63 tentation
840 1238 82 63 de
867 1238 220 63 Saint

485 1299 169 49 *1177
623 1299 84 49 Mars
675 1299 63 49 et
697 1299 84 49 Vénus.

483 1337 212 65 *1178
655 1337 146 65 Suzanne
761 1337 80 65 et
801 1337 93 65 les
854 1337 106 65 deux
907 1337 173 65 vieillards.

482 1394 198 63 *1179
642 1394 136 63 Hercule
741 1394 74 63 et
766 1394 123 63 Omphale.

230 1514 230 63 IGOUNET
397 1514 125 63 DE
460 1514 230 63 VILLERS
627 1514 418 63 (Charles-André).
983 1514 105 63 —
1025 1514 167 63 249,
1109 1514 125 63 fau-

268 1573 176 69 bourg
386 1573 333 69 Saint-Martin,
640 1573 157 69 Paris.

310 1653 267 56 1180
524 1653 107 56 Le
577 1653 142 56 pont
666 1653 124 56 des
719 1653 267 56 Saints

310 1706 270 50 1181
526 1706 108 50 Le
580 1706 234 50 Pont-Neuf
760 1706 108 50 et
814 1706 108 50 le
850 1706 252 50 Vert

312 1755 255 50 1182
516 1755 102 50 La
567 1755 170 50 Seine,
686 1755 238 50 brouillard
874 1755 102 50 et
908 1755 153 50 soleil.

290 1801 274 51 *1183
513 1801 103 51 La
564 1801 171 51 Seine,
684 1801 240 51 brouillard
873 1801 103 51 et
907 1801 154 51 soleil.

290 1849 286 51 *1184
522 1849 107 51 Le
576 1849 161 51 matin
683 1849 107 51 au
736 1849 161 51 canal
844 1849 107 51 de
879 1849 161 51 l’Ourq.

291 1899 292 63 *1185
528 1899 110 63 Le
583 1899 237 63 Pont-Neuf
765 1899 164 63 (quai
875 1899 110 63 de
930 1899 110 63 la
966 1899 201 63 Monnaie).
