1544 2268
657 223 124 51 —
682 223 99 51 69

248 293 193 66 JOSEPH
383 293 251 66 (Albert).
576 293 97 66 —
615 293 135 66 19,
692 293 155 66 quai
789 293 329 66 Saint-Michel,
1040 293 155 66 Paris.

310 371 277 76 *1247
535 371 104 76 Au
587 371 139 76 Pont
673 371 208 76 Charreau
829 371 191 76 (Vallée
968 371 104 76 de
1020 371 104 76 la
1054 371 191 76 Sédelle).

537 426 179 56 Soleil
662 426 107 56 du
698 426 125 56 soir.

329 470 273 63 1248
547 470 237 63 Chaumière
729 470 109 63 au
784 470 146 63 bord
875 470 109 63 de
929 470 109 63 la
984 470 200 63 Creuse.
1111 470 146 63 Soleil

532 518 119 52 du
572 518 138 52 soir.

324 568 290 61 1249
556 568 155 61 Crue
652 568 213 61 d'hiver
807 568 116 61 au
865 568 193 61 Moulin
1000 568 116 61 de
1058 568 116 61 la
1096 568 155 61 Folie.

517 616 203 52 Crozant.

320 662 323 61 1250
578 662 215 61 Moulin
728 662 129 61 de
793 662 237 61 Creuse.
965 662 215 61 Soleil
1094 662 151 61 d'au

530 712 181 52 tomne.

325 760 275 56 1251
544 760 128 56 Les
618 760 165 56 oies.
709 760 183 56 Automne.

328 803 289 64 1252
559 803 231 64 Tournant
732 803 115 64 de
789 803 212 64 Creuse.
943 803 192 64 Soleil
1078 803 115 64 de
1116 803 135 64 prin

516 854 171 50 temps.

325 906 302 52 1253
567 906 202 52 Moulin
708 906 141 52 sur
788 906 121 52 la
849 906 242 52 Sédelle.
1030 906 181 52 Temps
1131 906 121 52 gais

519 952 193 50 d'hiver.

329 997 247 53 1254
526 997 148 53 Petit
625 997 165 53 jardin
740 997 99 53 au
773 997 115 53 soir.

243 1115 227 66 JOUBERT
408 1115 371 66 (Henri-André).
718 1115 103 66 —
759 1115 124 66 9,
821 1115 144 66 rue
883 1115 350 66 Fontaine

269 1163 147 52 Paris.

332 1233 270 56 1255
548 1233 198 56 Matinée
692 1233 108 56 de
746 1233 162 56 Juin,
854 1233 90 56 à
890 1233 288 56 Labonneville
1106 1233 144 56 (Méry

532 1289 238 53 sur-Oise)
696 1289 238 53 (peinture).

332 1334 276 57 1256
552 1334 184 57 Soirée
681 1334 202 57 d'Août,
829 1334 92 57 à
865 1334 331 57 Nogent-le-Roi.
1142 1334 110 57 E.
1178 1334 74 57 L.

510 1382 247 55 (peinture)

337 1426 252 57 1257
539 1426 201 57 Portrait
690 1426 101 57 de
740 1426 134 57 Mlle
824 1426 101 57 R.
874 1426 134 57 V...
941 1426 235 57 (sculpture).

333 1476 253 59 1258
535 1476 202 59 Portrait
687 1476 101 59 de
738 1476 135 59 Mlle
822 1476 101 59 M.
873 1476 135 59 D...
940 1476 236 59 (sculpture).

333 1528 259 50 1259
540 1528 121 50 Pot
609 1528 294 50 chrysanthèmes
851 1528 276 50 (sculpture).

245 1643 242 63 JOURDAIN
426 1643 282 63 (Francis).
648 1643 101 63 —
688 1643 121 63 8,
749 1643 141 63 rue
829 1643 121 63 de
890 1643 202 63 Milan,
1011 1643 141 63 Paris

310 1725 285 66 *1260
542 1725 160 66 Etude
631 1725 392 66 (Montreuil

310 1781 288 57 *1261
544 1781 162 57 Etude
634 1781 397 57 (Montreuil

309 1827 288 55 *1262
543 1827 162 55 Etude
633 1827 397 55 (Montreuil

334 1874 272 54 1265
551 1874 163 54 Etude
660 1874 145 54 pour
750 1874 127 54 une
805 1874 235 54 décoration.
