1556 2274
731 227 121 83 —
779 227 145 83 76
828 227 73 83 —

376 280 279 106 *1386
602 280 174 106 Soleil
724 280 104 106 du
776 280 157 106 matin
881 280 192 106 (vallée
1020 280 104 106 du
1055 280 261 106 Petit

374 370 295 71 *1387
614 370 111 71 Un
669 370 166 71 matin
780 370 148 71 dans
872 370 129 71 les
946 370 222 71 bruyères
1112 370 203 71 (vallée
1241 370 74 71 du

584 413 291 58 Petit

373 447 279 86 *1388
599 447 157 86 Effet
704 447 105 86 de
756 447 157 86 neige
861 447 139 86 (Ile
948 447 105 86 de
1000 447 105 86 la
1035 447 279 86 Grande

313 582 136 76 LAY
390 582 271 76 (Auguste).
603 582 97 76 —
642 582 136 76 13,
719 582 136 76 rue
797 582 291 76 Paul-Féval,
1010 582 155 76 Paris.

562 663 225 78 *1389
745 663 70 78 A
773 663 84 78 la
815 663 113 78 gare
886 663 197 78 Savinanigo
1026 663 169 78 (Espagne).

571 720 194 65 *1390
728 720 145 65 Portrait
837 720 73 65 de
874 720 85 65 Mme
922 720 73 65 E.
947 720 48 65 R.

569 767 140 59 *1391
683 767 52 59 Au
700 767 70 59 piano.

565 810 200 63 *1392
727 810 75 63 La
765 810 88 63 rue
815 810 88 63 des
865 810 125 63 Saules
940 810 113 63 (midi).

563 864 236 71 *1393
755 864 88 71 La
799 864 103 71 rue
858 864 88 71 du
902 864 206 71 Mont-Cenis
1050 864 221 71 (Montmartre).

563 912 168 58 *1394
700 912 63 58 La
732 912 95 58 place
784 912 95 58 Clichy.

565 959 184 54 *1395
714 959 69 54 La
748 959 92 54 gare
806 959 69 54 du
829 959 80 54 Nord.

560 1009 240 64 *1396
755 1009 105 64 Bal
815 1009 150 64 masqué
920 1009 75 64 à
949 1009 165 64 l’Opéra
1069 1009 150 64 (d’une
1174 1009 120 64 loge
1234 1009 75 64 des

597 1050 122 69 4es
649 1050 208 69 galeries).

305 1158 120 84 LE
365 1158 160 84 BAIL
465 1158 240 84 (Louis).
645 1158 100 84 —
665 1158 439 84 Villennes

558 1243 205 71 *1397
724 1243 90 71 Sur
776 1243 128 71 l’eau.
865 1243 90 71 Fin
904 1243 153 71 d’automne.

556 1307 227 54 *1398
740 1307 99 54 Les
797 1307 156 54 coteaux
911 1307 85 54 de
953 1307 142 54 Médan,
1053 1307 128 54 matin
1123 1307 114 54 d’été.

556 1350 235 77 *1399
747 1350 88 77 La
791 1350 161 77 Pinède,
909 1350 73 77 à
938 1350 250 77 Juan-les-Pins
1129 1350 176 77 (Alpes

573 1401 202 59 ritimes).

558 1450 183 58 *1400
706 1450 126 58 Bouquet
798 1450 69 58 de
821 1450 91 58 roses.

556 1495 169 66 *1401
693 1495 105 66 Fleurs
767 1495 63 66 et
788 1495 95 66 Fruits.

558 1542 161 63 *1402
689 1542 81 63 Dans
739 1542 71 63 les
769 1542 71 63 prés.

553 1588 217 82 *1403
730 1588 136 82 Chemin
825 1588 95 82 des
879 1588 136 82 vignes
974 1588 136 82 (Effet
1069 1588 81 82 du
1096 1588 109 82 soir).

294 1707 289 73 LEBASQUE
510 1707 289 73 (Henri).
727 1707 120 73 —
775 1707 361 73 Montévrain,
1064 1707 168 73 par
1136 1707 168 73 Lagny

317 1768 367 66 (Seine

358 1840 290 66 *1404
593 1840 109 66 La
647 1840 163 66 route
756 1840 109 66 de
792 1840 145 66 Meaux.

358 1895 271 81 *1405
578 1895 169 81 Petite
697 1895 85 81 à
731 1895 119 81 une
782 1895 169 81 fenêtre.
