1544 2268
489 312 157 75 *1406
607 312 108 75 Dampmart.

486 367 191 67 *1407
641 367 72 67 Le
677 367 96 67 Pont
737 367 72 67 de
773 367 72 67 la
796 367 96 67 Dhuis.

484 423 145 53 *1408
593 423 90 53 Automne.

491 466 151 55 *1409
613 466 94 55 Soleil
670 466 94 55 d’hiver.

486 516 174 55 *1410
627 516 120 55 Coucher
714 516 65 55 de
736 516 98 55 soleil.

485 566 142 54 *1411
592 566 89 54 Automne.

229 678 115 66 LE
286 678 153 66 BÉAU
382 678 249 66 (Alcide).
574 678 96 66 —
613 678 134 66 15,
689 678 134 66 rue
766 678 230 66 Boileau,
920 678 153 66 Paris.

312 757 260 55 1412
520 757 104 55 La
572 757 191 55 rivière
711 757 87 55 à
745 757 173 55 Kernuz
867 757 260 55 (Morbihan).

315 809 260 50 1413
523 809 104 50 La
575 809 139 50 mort
661 809 208 50 anglaise
817 809 243 50 (Camaret).

310 856 262 52 1414
519 856 105 52 La
572 856 192 52 rivière
712 856 87 52 à
746 856 210 52 Kérisper
904 856 262 52 (Morbihan).

312 901 263 55 1415
522 901 105 55 Le
574 901 175 55 Rodivy
697 901 263 55 (Quiberon).

311 953 269 54 1416
526 953 108 54 Le
580 953 144 54 pont
670 953 108 54 du
724 953 144 54 Bono
814 953 269 54 (Morbihan).

319 998 261 52 1417
528 998 139 52 Gros
615 998 157 52 temps
719 998 261 52 (Quiberon).

310 1052 260 52 1418
517 1052 156 52 Sapin
621 1052 156 52 tordu
725 1052 260 52 (Morbihan).

307 1099 273 52 1419
525 1099 109 52 La
580 1099 200 52 rivière
725 1099 91 52 à
761 1099 291 52 Sainte-Avoye
998 1099 273 52 (Morbihan).

223 1215 122 52 LE
284 1215 183 52 BÈGUE
406 1215 224 52 (René).
569 1215 102 52 –
609 1215 122 52 15
671 1215 143 52 rue
752 1215 122 52 du
813 1215 204 52 Delta,
935 1215 163 52 Paris.

314 1292 268 50 1420
529 1292 197 50 Venise,
672 1292 125 50 vue
743 1292 161 50 prise
850 1292 107 50 du
904 1292 161 50 Grand
1011 1292 179 50 Canal.

314 1331 267 56 1421
528 1331 196 56 Venise,
670 1331 160 56 place
777 1331 196 56 St-Marc
920 1331 196 56 (ruines
1062 1331 107 56 du
1115 1331 160 56 Cam-.

492 1387 177 56 panile.

305 1438 267 50 1422
519 1438 196 50 Venise,
661 1438 178 50 bateau
786 1438 142 50 dans
875 1438 107 50 la
928 1438 196 50 lagune.

315 1481 250 53 1423
516 1481 184 53 Venise,
649 1481 150 53 canal
749 1481 217 53 Albrizzi.

312 1531 252 52 1424
514 1531 185 52 Venise,
648 1531 117 52 rio
715 1531 269 52 Christoforo.

309 1578 266 54 1425
522 1578 195 54 Venise,
664 1578 124 54 vue
735 1578 160 54 prise
841 1578 106 54 du
895 1578 160 54 Grand
1001 1578 177 54 Canal.

309 1625 267 52 1426
523 1625 196 52 Venise,
666 1625 143 52 coin
755 1625 107 52 du
808 1625 160 52 Grand
915 1625 178 52 Canal.

310 1668 256 55 1427
515 1668 188 55 Venise,
651 1668 102 55 la
703 1668 171 55 Douane
822 1668 102 55 et
873 1668 205 55 l'église
1027 1668 102 55 la
1078 1668 188 55 Salude.

231 1791 192 52 LECHAT
365 1791 250 52 (Albert).
558 1791 96 52 –
596 1791 135 52 51,
673 1791 135 52 rue
750 1791 250 52 Scheffer,
923 1791 154 52 Paris.

311 1857 256 50 1428
516 1857 102 50 Le
550 1857 119 50 pont.

314 1907 241 52 1429
507 1907 177 52 Prairie
636 1907 161 52 contre
748 1907 177 52 soleil.
